timestamp,camera_id,street_monitored,car_count,bus_count,truck_count,motorcycle_count,total_vehicles,occupancy_rate,flow_rate_per_min,avg_speed,avg_density,zone_id,duration_seconds
1775524760.90,CAM_001,Av. Javier Prado,38,2,14,0,54,0.0761,54,22.02,1.55,zone1,60.02
1775524760.90,CAM_002,Av. Arequipa,134,4,14,4,156,0.0650,156,10.68,5.95,zone2,60.02
1775524760.90,CAM_003,Av. Salaverry,134,4,14,4,156,0.0650,156,10.68,5.95,zone3,60.02
1775524760.90,CAM_004,Av. Petit Thouars,134,4,14,4,156,0.0650,156,10.68,5.95,zone4,60.02
1775524820.92,CAM_001,Av. Javier Prado,40,5,7,0,52,0.0349,52,37.28,0.88,zone1,60.02
1775524820.92,CAM_002,Av. Arequipa,180,6,16,0,202,0.0387,202,13.17,4.87,zone2,60.02
1775524820.92,CAM_003,Av. Salaverry,180,6,16,0,202,0.0387,202,13.17,4.87,zone3,60.02
1775524820.92,CAM_004,Av. Petit Thouars,180,6,16,0,202,0.0387,202,13.17,4.87,zone4,60.02
1775524880.92,CAM_001,Av. Javier Prado,6,0,2,0,8,0.0044,8,18.14,0.12,zone1,60.00
1775524880.92,CAM_002,Av. Arequipa,83,9,5,0,97,0.0300,97,5.83,4.13,zone2,60.00
1775524880.92,CAM_003,Av. Salaverry,83,9,5,0,97,0.0300,97,5.83,4.13,zone3,60.00
1775524880.92,CAM_004,Av. Petit Thouars,83,9,5,0,97,0.0300,97,5.83,4.13,zone4,60.00
1775524940.93,CAM_001,Av. Javier Prado,61,1,14,0,76,0.0547,76,28.22,1.38,zone1,60.01
1775524940.93,CAM_002,Av. Arequipa,168,4,21,1,194,0.0585,194,12.86,5.86,zone2,60.01
1775524940.93,CAM_003,Av. Salaverry,168,4,21,1,194,0.0585,194,12.86,5.86,zone3,60.01
1775524940.93,CAM_004,Av. Petit Thouars,168,4,21,1,194,0.0585,194,12.86,5.86,zone4,60.01
1775525000.93,CAM_001,Av. Javier Prado,12,6,2,2,22,0.0224,22,31.41,0.35,zone1,60.00
1775525000.93,CAM_002,Av. Arequipa,91,7,9,2,109,0.0382,109,5.24,5.29,zone2,60.00
1775525000.93,CAM_003,Av. Salaverry,91,7,9,2,109,0.0382,109,5.24,5.29,zone3,60.00
1775525000.93,CAM_004,Av. Petit Thouars,91,7,9,2,109,0.0382,109,5.24,5.29,zone4,60.00
1775525060.94,CAM_001,Av. Javier Prado,56,5,21,0,82,0.0812,82,18.28,2.10,zone1,60.01
1775525060.94,CAM_002,Av. Arequipa,209,9,25,1,244,0.0756,244,8.78,8.27,zone2,60.01
1775525060.94,CAM_003,Av. Salaverry,209,9,25,1,244,0.0756,244,8.78,8.27,zone3,60.01
1775525060.94,CAM_004,Av. Petit Thouars,209,9,25,1,244,0.0756,244,8.78,8.27,zone4,60.01
1775525120.96,CAM_001,Av. Javier Prado,37,3,7,0,47,0.0330,47,31.49,0.86,zone1,60.02
1775525120.96,CAM_002,Av. Arequipa,162,7,10,0,179,0.0408,179,10.56,5.55,zone2,60.02
1775525120.96,CAM_003,Av. Salaverry,162,7,10,0,179,0.0408,179,10.56,5.55,zone3,60.02
1775525120.96,CAM_004,Av. Petit Thouars,162,7,10,0,179,0.0408,179,10.56,5.55,zone4,60.02
1775525180.97,CAM_001,Av. Javier Prado,57,3,13,0,73,0.0872,73,19.20,2.02,zone1,60.01
1775525180.97,CAM_002,Av. Arequipa,159,12,25,0,196,0.0799,196,8.89,7.29,zone2,60.01
1775525180.97,CAM_003,Av. Salaverry,159,12,25,0,196,0.0799,196,8.89,7.29,zone3,60.01
1775525180.97,CAM_004,Av. Petit Thouars,159,12,25,0,196,0.0799,196,8.89,7.29,zone4,60.01
1775525240.99,CAM_001,Av. Javier Prado,54,18,14,0,86,0.0748,86,30.95,1.40,zone1,60.02
1775525240.99,CAM_002,Av. Arequipa,187,19,29,0,235,0.0700,235,15.69,5.48,zone2,60.02
1775525240.99,CAM_003,Av. Salaverry,187,19,29,0,235,0.0700,235,15.69,5.48,zone3,60.02
1775525240.99,CAM_004,Av. Petit Thouars,187,19,29,0,235,0.0700,235,15.69,5.48,zone4,60.02
1775525301.00,CAM_001,Av. Javier Prado,14,1,7,0,22,0.0197,22,14.46,0.50,zone1,60.01
1775525301.00,CAM_002,Av. Arequipa,133,8,15,2,158,0.0413,158,4.20,6.34,zone2,60.01
1775525301.00,CAM_003,Av. Salaverry,133,8,15,2,158,0.0413,158,4.20,6.34,zone3,60.01
1775525301.00,CAM_004,Av. Petit Thouars,133,8,15,2,158,0.0413,158,4.20,6.34,zone4,60.01
1775525361.01,CAM_001,Av. Javier Prado,81,3,14,3,101,0.0880,101,26.27,2.15,zone1,60.01
1775525361.01,CAM_002,Av. Arequipa,225,4,23,5,257,0.0755,257,13.42,7.90,zone2,60.01
1775525361.01,CAM_003,Av. Salaverry,225,4,23,5,257,0.0755,257,13.42,7.90,zone3,60.01
1775525361.01,CAM_004,Av. Petit Thouars,225,4,23,5,257,0.0755,257,13.42,7.90,zone4,60.01
1775525421.03,CAM_001,Av. Javier Prado,6,2,4,0,12,0.0086,12,20.83,0.22,zone1,60.02
1775525421.03,CAM_002,Av. Arequipa,95,11,13,1,120,0.0557,120,3.82,4.84,zone2,60.02
1775525421.03,CAM_003,Av. Salaverry,95,11,13,1,120,0.0557,120,3.82,4.84,zone3,60.02
1775525421.03,CAM_004,Av. Petit Thouars,95,11,13,1,120,0.0557,120,3.82,4.84,zone4,60.02
1775525481.06,CAM_001,Av. Javier Prado,66,13,31,0,110,0.1123,110,18.91,1.93,zone1,60.03
1775525481.06,CAM_002,Av. Arequipa,255,23,49,1,328,0.1207,328,10.04,7.27,zone2,60.03
1775525481.06,CAM_003,Av. Salaverry,255,23,49,1,328,0.1207,328,10.04,7.27,zone3,60.03
1775525481.06,CAM_004,Av. Petit Thouars,255,23,49,1,328,0.1207,328,10.04,7.27,zone4,60.03
1775525541.07,CAM_001,Av. Javier Prado,22,0,3,0,25,0.0173,25,31.97,0.44,zone1,60.01
1775525541.07,CAM_002,Av. Arequipa,125,2,9,0,136,0.0255,136,9.72,3.85,zone2,60.01
1775525541.07,CAM_003,Av. Salaverry,125,2,9,0,136,0.0255,136,9.72,3.85,zone3,60.01
1775525541.07,CAM_004,Av. Petit Thouars,125,2,9,0,136,0.0255,136,9.72,3.85,zone4,60.01
1775525601.07,CAM_001,Av. Javier Prado,34,1,7,0,42,0.0319,42,19.18,0.78,zone1,60.01
1775525601.07,CAM_002,Av. Arequipa,119,1,9,1,130,0.0388,130,6.10,5.10,zone2,60.01
1775525601.07,CAM_003,Av. Salaverry,119,1,9,1,130,0.0388,130,6.10,5.10,zone3,60.01
1775525601.07,CAM_004,Av. Petit Thouars,119,1,9,1,130,0.0388,130,6.10,5.10,zone4,60.01
1775525661.09,CAM_001,Av. Javier Prado,59,7,13,0,79,0.0737,79,31.21,1.48,zone1,60.02
1775525661.09,CAM_002,Av. Arequipa,183,8,16,0,207,0.0680,207,15.23,5.81,zone2,60.02
1775525661.09,CAM_003,Av. Salaverry,183,8,16,0,207,0.0680,207,15.23,5.81,zone3,60.02
1775525661.09,CAM_004,Av. Petit Thouars,183,8,16,0,207,0.0680,207,15.23,5.81,zone4,60.02
1775525721.13,CAM_001,Av. Javier Prado,8,4,3,0,15,0.0085,15,11.26,0.31,zone1,60.03
1775525721.13,CAM_002,Av. Arequipa,100,9,4,2,115,0.0351,115,3.64,5.79,zone2,60.03
1775525721.13,CAM_003,Av. Salaverry,100,9,4,2,115,0.0351,115,3.64,5.79,zone3,60.03
1775525721.13,CAM_004,Av. Petit Thouars,100,9,4,2,115,0.0351,115,3.64,5.79,zone4,60.03
1775525781.15,CAM_001,Av. Javier Prado,97,14,15,0,126,0.1150,126,27.36,2.20,zone1,60.02
1775525781.15,CAM_002,Av. Arequipa,277,26,25,1,329,0.1443,329,13.92,7.93,zone2,60.02
1775525781.15,CAM_003,Av. Salaverry,277,26,25,1,329,0.1443,329,13.92,7.93,zone3,60.02
1775525781.15,CAM_004,Av. Petit Thouars,277,26,25,1,329,0.1443,329,13.92,7.93,zone4,60.02
1775525841.16,CAM_001,Av. Javier Prado,3,0,1,0,4,0.0056,4,42.98,0.10,zone1,60.01
1775525841.16,CAM_002,Av. Arequipa,62,7,5,2,76,0.0202,76,6.86,3.29,zone2,60.01
1775525841.16,CAM_003,Av. Salaverry,62,7,5,2,76,0.0202,76,6.86,3.29,zone3,60.01
1775525841.16,CAM_004,Av. Petit Thouars,62,7,5,2,76,0.0202,76,6.86,3.29,zone4,60.01
1775525901.16,CAM_001,Av. Javier Prado,60,9,10,2,81,0.1063,81,24.51,2.03,zone1,60.00
1775525901.16,CAM_002,Av. Arequipa,177,22,23,2,224,0.1011,224,11.58,8.42,zone2,60.00
1775525901.16,CAM_003,Av. Salaverry,177,22,23,2,224,0.1011,224,11.58,8.42,zone3,60.00
1775525901.16,CAM_004,Av. Petit Thouars,177,22,23,2,224,0.1011,224,11.58,8.42,zone4,60.00
1775525961.16,CAM_001,Av. Javier Prado,23,1,0,0,24,0.0168,24,35.76,0.59,zone1,60.00
1775525961.16,CAM_002,Av. Arequipa,83,7,4,0,94,0.0230,94,14.84,3.14,zone2,60.00
1775525961.16,CAM_003,Av. Salaverry,83,7,4,0,94,0.0230,94,14.84,3.14,zone3,60.00
1775525961.16,CAM_004,Av. Petit Thouars,83,7,4,0,94,0.0230,94,14.84,3.14,zone4,60.00
1775526021.69,CAM_001,Av. Javier Prado,32,6,7,0,45,0.0438,45,22.48,0.98,zone1,60.53
1775526021.69,CAM_002,Av. Arequipa,169,17,23,0,209,0.0684,209,7.65,7.06,zone2,60.53
1775526021.69,CAM_003,Av. Salaverry,169,17,23,0,209,0.0684,209,7.65,7.06,zone3,60.53
1775526021.69,CAM_004,Av. Petit Thouars,169,17,23,0,209,0.0684,209,7.65,7.06,zone4,60.53
1775526081.80,CAM_001,Av. Javier Prado,49,4,5,0,58,0.0302,58,33.61,0.95,zone1,60.11
1775526081.80,CAM_002,Av. Arequipa,218,8,6,0,232,0.0373,232,12.32,5.26,zone2,60.11
1775526081.80,CAM_003,Av. Salaverry,218,8,6,0,232,0.0373,232,12.32,5.26,zone3,60.11
1775526081.80,CAM_004,Av. Petit Thouars,218,8,6,0,232,0.0373,232,12.32,5.26,zone4,60.11
1775526141.81,CAM_001,Av. Javier Prado,12,0,3,0,15,0.0096,15,13.99,0.29,zone1,60.01
1775526141.81,CAM_002,Av. Arequipa,116,0,9,1,126,0.0314,126,4.39,5.26,zone2,60.01
1775526141.81,CAM_003,Av. Salaverry,116,0,9,1,126,0.0314,126,4.39,5.26,zone3,60.01
1775526141.81,CAM_004,Av. Petit Thouars,116,0,9,1,126,0.0314,126,4.39,5.26,zone4,60.01
1775526201.84,CAM_001,Av. Javier Prado,80,9,18,4,111,0.1229,111,27.19,2.03,zone1,60.03
1775526201.84,CAM_002,Av. Arequipa,215,18,25,17,275,0.1178,275,13.63,7.59,zone2,60.03
1775526201.84,CAM_003,Av. Salaverry,215,18,25,17,275,0.1178,275,13.63,7.59,zone3,60.03
1775526201.84,CAM_004,Av. Petit Thouars,215,18,25,17,275,0.1178,275,13.63,7.59,zone4,60.03
1775526261.85,CAM_001,Av. Javier Prado,20,0,5,0,25,0.0173,25,33.60,0.47,zone1,60.01
1775526261.85,CAM_002,Av. Arequipa,95,10,6,0,111,0.0297,111,8.80,4.59,zone2,60.01
1775526261.85,CAM_003,Av. Salaverry,95,10,6,0,111,0.0297,111,8.80,4.59,zone3,60.01
1775526261.85,CAM_004,Av. Petit Thouars,95,10,6,0,111,0.0297,111,8.80,4.59,zone4,60.01
1775526321.87,CAM_001,Av. Javier Prado,73,3,10,1,87,0.0665,87,20.39,1.85,zone1,60.02
1775526321.87,CAM_002,Av. Arequipa,220,7,23,1,251,0.0753,251,8.96,8.36,zone2,60.02
1775526321.87,CAM_003,Av. Salaverry,220,7,23,1,251,0.0753,251,8.96,8.36,zone3,60.02
1775526321.87,CAM_004,Av. Petit Thouars,220,7,23,1,251,0.0753,251,8.96,8.36,zone4,60.02
1775526381.89,CAM_001,Av. Javier Prado,36,4,6,0,46,0.0267,46,33.81,0.63,zone1,60.01
1775526381.89,CAM_002,Av. Arequipa,117,4,10,0,131,0.0296,131,13.02,3.81,zone2,60.01
1775526381.89,CAM_003,Av. Salaverry,117,4,10,0,131,0.0296,131,13.02,3.81,zone3,60.01
1775526381.89,CAM_004,Av. Petit Thouars,117,4,10,0,131,0.0296,131,13.02,3.81,zone4,60.01
1775526441.90,CAM_001,Av. Javier Prado,45,3,4,0,52,0.0573,52,21.63,1.24,zone1,60.01
1775526441.90,CAM_002,Av. Arequipa,166,7,7,2,182,0.0703,182,8.56,7.06,zone2,60.01
1775526441.90,CAM_003,Av. Salaverry,166,7,7,2,182,0.0703,182,8.56,7.06,zone3,60.01
1775526441.90,CAM_004,Av. Petit Thouars,166,7,7,2,182,0.0703,182,8.56,7.06,zone4,60.01
1775526501.92,CAM_001,Av. Javier Prado,55,6,8,0,69,0.0481,69,33.92,1.21,zone1,60.02
1775526501.92,CAM_002,Av. Arequipa,185,8,11,0,204,0.0519,204,11.90,6.76,zone2,60.02
1775526501.92,CAM_003,Av. Salaverry,185,8,11,0,204,0.0519,204,11.90,6.76,zone3,60.02
1775526501.92,CAM_004,Av. Petit Thouars,185,8,11,0,204,0.0519,204,11.90,6.76,zone4,60.02
1775526561.93,CAM_001,Av. Javier Prado,6,1,0,0,7,0.0082,7,11.09,0.31,zone1,60.01
1775526561.93,CAM_002,Av. Arequipa,103,24,17,0,144,0.0712,144,3.16,6.13,zone2,60.01
1775526561.93,CAM_003,Av. Salaverry,103,24,17,0,144,0.0712,144,3.16,6.13,zone3,60.01
1775526561.93,CAM_004,Av. Petit Thouars,103,24,17,0,144,0.0712,144,3.16,6.13,zone4,60.01
1775526621.94,CAM_001,Av. Javier Prado,72,11,21,0,104,0.0669,104,24.85,1.69,zone1,60.01
1775526621.94,CAM_002,Av. Arequipa,220,18,32,1,271,0.0833,271,10.79,7.55,zone2,60.01
1775526621.94,CAM_003,Av. Salaverry,220,18,32,1,271,0.0833,271,10.79,7.55,zone3,60.01
1775526621.94,CAM_004,Av. Petit Thouars,220,18,32,1,271,0.0833,271,10.79,7.55,zone4,60.01
1775526681.96,CAM_001,Av. Javier Prado,18,0,7,0,25,0.0152,25,28.41,0.39,zone1,60.01
1775526681.96,CAM_002,Av. Arequipa,111,1,13,2,127,0.0333,127,5.69,5.02,zone2,60.01
1775526681.96,CAM_003,Av. Salaverry,111,1,13,2,127,0.0333,127,5.69,5.02,zone3,60.01
1775526681.96,CAM_004,Av. Petit Thouars,111,1,13,2,127,0.0333,127,5.69,5.02,zone4,60.01
1775526741.96,CAM_001,Av. Javier Prado,74,8,11,2,95,0.1297,95,14.44,2.49,zone1,60.00
1775526741.96,CAM_002,Av. Arequipa,225,15,20,2,262,0.1021,262,7.74,8.80,zone2,60.00
1775526741.96,CAM_003,Av. Salaverry,225,15,20,2,262,0.1021,262,7.74,8.80,zone3,60.00
1775526741.96,CAM_004,Av. Petit Thouars,225,15,20,2,262,0.1021,262,7.74,8.80,zone4,60.00
1775526801.98,CAM_001,Av. Javier Prado,28,4,5,0,37,0.0268,37,42.11,0.63,zone1,60.02
1775526801.98,CAM_002,Av. Arequipa,169,10,17,0,196,0.0481,196,13.99,4.63,zone2,60.02
1775526801.98,CAM_003,Av. Salaverry,169,10,17,0,196,0.0481,196,13.99,4.63,zone3,60.02
1775526801.98,CAM_004,Av. Petit Thouars,169,10,17,0,196,0.0481,196,13.99,4.63,zone4,60.02
1775526862.06,CAM_001,Av. Javier Prado,34,8,18,0,60,0.0657,60,22.13,1.26,zone1,60.08
1775526862.06,CAM_002,Av. Arequipa,135,14,23,0,172,0.0742,172,9.56,5.75,zone2,60.08
1775526862.06,CAM_003,Av. Salaverry,135,14,23,0,172,0.0742,172,9.56,5.75,zone3,60.08
1775526862.06,CAM_004,Av. Petit Thouars,135,14,23,0,172,0.0742,172,9.56,5.75,zone4,60.08
1775526922.07,CAM_001,Av. Javier Prado,58,6,16,0,80,0.0546,80,29.67,1.28,zone1,60.01
1775526922.07,CAM_002,Av. Arequipa,191,10,29,1,231,0.0564,231,11.66,6.22,zone2,60.01
1775526922.07,CAM_003,Av. Salaverry,191,10,29,1,231,0.0564,231,11.66,6.22,zone3,60.01
1775526922.07,CAM_004,Av. Petit Thouars,191,10,29,1,231,0.0564,231,11.66,6.22,zone4,60.01
1775526982.10,CAM_001,Av. Javier Prado,19,1,3,0,23,0.0111,23,20.24,0.33,zone1,60.04
1775526982.10,CAM_002,Av. Arequipa,84,3,9,1,97,0.0325,97,5.69,4.27,zone2,60.04
1775526982.10,CAM_003,Av. Salaverry,84,3,9,1,97,0.0325,97,5.69,4.27,zone3,60.04
1775526982.10,CAM_004,Av. Petit Thouars,84,3,9,1,97,0.0325,97,5.69,4.27,zone4,60.04
1775527042.12,CAM_001,Av. Javier Prado,91,3,8,2,104,0.0689,104,28.62,1.87,zone1,60.01
1775527042.12,CAM_002,Av. Arequipa,261,9,20,3,293,0.0702,293,13.39,7.60,zone2,60.01
1775527042.12,CAM_003,Av. Salaverry,261,9,20,3,293,0.0702,293,13.39,7.60,zone3,60.01
1775527042.12,CAM_004,Av. Petit Thouars,261,9,20,3,293,0.0702,293,13.39,7.60,zone4,60.01
1775527102.15,CAM_001,Av. Javier Prado,21,1,3,0,25,0.0167,25,17.99,0.60,zone1,60.03
1775527102.15,CAM_002,Av. Arequipa,146,6,4,0,156,0.0732,156,5.18,6.11,zone2,60.03
1775527102.15,CAM_003,Av. Salaverry,146,6,4,0,156,0.0732,156,5.18,6.11,zone3,60.03
1775527102.15,CAM_004,Av. Petit Thouars,146,6,4,0,156,0.0732,156,5.18,6.11,zone4,60.03
1775527162.18,CAM_001,Av. Javier Prado,71,5,2,0,78,0.1302,78,26.92,2.10,zone1,60.03
1775527162.18,CAM_002,Av. Arequipa,223,9,5,0,237,0.1057,237,13.94,7.39,zone2,60.03
1775527162.18,CAM_003,Av. Salaverry,223,9,5,0,237,0.1057,237,13.94,7.39,zone3,60.03
1775527162.18,CAM_004,Av. Petit Thouars,223,9,5,0,237,0.1057,237,13.94,7.39,zone4,60.03
1775527222.18,CAM_001,Av. Javier Prado,24,5,10,0,39,0.0339,39,36.84,0.73,zone1,60.00
1775527222.18,CAM_002,Av. Arequipa,135,11,14,0,160,0.0435,160,10.92,5.18,zone2,60.00
1775527222.18,CAM_003,Av. Salaverry,135,11,14,0,160,0.0435,160,10.92,5.18,zone3,60.00
1775527222.18,CAM_004,Av. Petit Thouars,135,11,14,0,160,0.0435,160,10.92,5.18,zone4,60.00
1775527282.21,CAM_001,Av. Javier Prado,57,3,10,0,70,0.0859,70,21.02,1.60,zone1,60.03
1775527282.21,CAM_002,Av. Arequipa,201,28,35,2,266,0.1116,266,8.61,7.58,zone2,60.03
1775527282.21,CAM_003,Av. Salaverry,201,28,35,2,266,0.1116,266,8.61,7.58,zone3,60.03
1775527282.21,CAM_004,Av. Petit Thouars,201,28,35,2,266,0.1116,266,8.61,7.58,zone4,60.03
1775527342.23,CAM_001,Av. Javier Prado,58,4,15,1,78,0.0507,78,27.43,1.39,zone1,60.02
1775527342.23,CAM_002,Av. Arequipa,203,12,39,2,256,0.0809,256,12.57,6.23,zone2,60.02
1775527342.23,CAM_003,Av. Salaverry,203,12,39,2,256,0.0809,256,12.57,6.23,zone3,60.02
1775527342.23,CAM_004,Av. Petit Thouars,203,12,39,2,256,0.0809,256,12.57,6.23,zone4,60.02
1775527402.24,CAM_001,Av. Javier Prado,14,0,2,1,17,0.0092,17,15.83,0.31,zone1,60.01
1775527402.24,CAM_002,Av. Arequipa,122,13,7,1,143,0.0324,143,4.69,5.75,zone2,60.01
1775527402.24,CAM_003,Av. Salaverry,122,13,7,1,143,0.0324,143,4.69,5.75,zone3,60.01
1775527402.24,CAM_004,Av. Petit Thouars,122,13,7,1,143,0.0324,143,4.69,5.75,zone4,60.01
1775527462.27,CAM_001,Av. Javier Prado,77,3,7,0,87,0.0923,87,26.76,1.95,zone1,60.03
1775527462.27,CAM_002,Av. Arequipa,237,6,16,0,259,0.0790,259,12.82,7.79,zone2,60.03
1775527462.27,CAM_003,Av. Salaverry,237,6,16,0,259,0.0790,259,12.82,7.79,zone3,60.03
1775527462.27,CAM_004,Av. Petit Thouars,237,6,16,0,259,0.0790,259,12.82,7.79,zone4,60.03
1775527522.28,CAM_001,Av. Javier Prado,7,3,2,0,12,0.0222,12,27.03,0.20,zone1,60.01
1775527522.28,CAM_002,Av. Arequipa,94,12,12,0,118,0.0425,118,4.10,4.67,zone2,60.01
1775527522.28,CAM_003,Av. Salaverry,94,12,12,0,118,0.0425,118,4.10,4.67,zone3,60.01
1775527522.28,CAM_004,Av. Petit Thouars,94,12,12,0,118,0.0425,118,4.10,4.67,zone4,60.01
1775527582.30,CAM_001,Av. Javier Prado,64,3,17,0,84,0.1022,84,15.90,2.29,zone1,60.02
1775527582.30,CAM_002,Av. Arequipa,212,7,47,1,267,0.0875,267,8.16,8.73,zone2,60.02
1775527582.30,CAM_003,Av. Salaverry,212,7,47,1,267,0.0875,267,8.16,8.73,zone3,60.02
1775527582.30,CAM_004,Av. Petit Thouars,212,7,47,1,267,0.0875,267,8.16,8.73,zone4,60.02
1775527642.33,CAM_001,Av. Javier Prado,40,6,16,0,62,0.0489,62,27.52,0.91,zone1,60.03
1775527642.33,CAM_002,Av. Arequipa,144,13,26,0,183,0.0506,183,9.27,5.77,zone2,60.03
1775527642.33,CAM_003,Av. Salaverry,144,13,26,0,183,0.0506,183,9.27,5.77,zone3,60.03
1775527642.33,CAM_004,Av. Petit Thouars,144,13,26,0,183,0.0506,183,9.27,5.77,zone4,60.03
1775527702.35,CAM_001,Av. Javier Prado,54,9,6,0,69,0.0896,69,21.30,1.62,zone1,60.02
1775527702.35,CAM_002,Av. Arequipa,201,9,10,1,221,0.0834,221,8.89,7.66,zone2,60.02
1775527702.35,CAM_003,Av. Salaverry,201,9,10,1,221,0.0834,221,8.89,7.66,zone3,60.02
1775527702.35,CAM_004,Av. Petit Thouars,201,9,10,1,221,0.0834,221,8.89,7.66,zone4,60.02
1775527762.39,CAM_001,Av. Javier Prado,84,10,22,0,116,0.0812,116,24.90,2.02,zone1,60.03
1775527762.39,CAM_002,Av. Arequipa,274,19,58,0,351,0.0925,351,11.90,7.95,zone2,60.03
1775527762.39,CAM_003,Av. Salaverry,274,19,58,0,351,0.0925,351,11.90,7.95,zone3,60.03
1775527762.39,CAM_004,Av. Petit Thouars,274,19,58,0,351,0.0925,351,11.90,7.95,zone4,60.03
1775527822.40,CAM_001,Av. Javier Prado,12,2,6,0,20,0.0133,20,13.90,0.38,zone1,60.01
1775527822.40,CAM_002,Av. Arequipa,131,16,10,0,157,0.0727,157,3.63,7.16,zone2,60.01
1775527822.40,CAM_003,Av. Salaverry,131,16,10,0,157,0.0727,157,3.63,7.16,zone3,60.01
1775527822.40,CAM_004,Av. Petit Thouars,131,16,10,0,157,0.0727,157,3.63,7.16,zone4,60.01
1775527882.42,CAM_001,Av. Javier Prado,80,5,17,0,102,0.0892,102,24.77,2.05,zone1,60.02
1775527882.42,CAM_002,Av. Arequipa,268,2,42,0,312,0.0763,312,10.24,8.70,zone2,60.02
1775527882.42,CAM_003,Av. Salaverry,268,2,42,0,312,0.0763,312,10.24,8.70,zone3,60.02
1775527882.42,CAM_004,Av. Petit Thouars,268,2,42,0,312,0.0763,312,10.24,8.70,zone4,60.02
1775527942.43,CAM_001,Av. Javier Prado,19,0,2,0,21,0.0046,21,22.35,0.20,zone1,60.01
1775527942.43,CAM_002,Av. Arequipa,132,8,7,0,147,0.0273,147,4.63,4.71,zone2,60.01
1775527942.43,CAM_003,Av. Salaverry,132,8,7,0,147,0.0273,147,4.63,4.71,zone3,60.01
1775527942.43,CAM_004,Av. Petit Thouars,132,8,7,0,147,0.0273,147,4.63,4.71,zone4,60.01
1775528002.46,CAM_001,Av. Javier Prado,58,0,4,0,62,0.0402,62,27.51,1.14,zone1,60.03
1775528002.46,CAM_002,Av. Arequipa,197,4,16,6,223,0.0472,223,9.91,6.49,zone2,60.03
1775528002.46,CAM_003,Av. Salaverry,197,4,16,6,223,0.0472,223,9.91,6.49,zone3,60.03
1775528002.46,CAM_004,Av. Petit Thouars,197,4,16,6,223,0.0472,223,9.91,6.49,zone4,60.03
1775528062.49,CAM_001,Av. Javier Prado,20,0,5,0,25,0.0198,25,34.43,0.51,zone1,60.02
1775528062.49,CAM_002,Av. Arequipa,112,3,13,0,128,0.0278,128,8.35,4.58,zone2,60.02
1775528062.49,CAM_003,Av. Salaverry,112,3,13,0,128,0.0278,128,8.35,4.58,zone3,60.02
1775528062.49,CAM_004,Av. Petit Thouars,112,3,13,0,128,0.0278,128,8.35,4.58,zone4,60.02
1775528122.50,CAM_001,Av. Javier Prado,58,0,15,0,73,0.0874,73,16.76,1.99,zone1,60.02
1775528122.50,CAM_002,Av. Arequipa,184,0,17,0,201,0.0845,201,6.29,9.91,zone2,60.02
1775528122.50,CAM_003,Av. Salaverry,184,0,17,0,201,0.0845,201,6.29,9.91,zone3,60.02
1775528122.50,CAM_004,Av. Petit Thouars,184,0,17,0,201,0.0845,201,6.29,9.91,zone4,60.02
1775528182.53,CAM_001,Av. Javier Prado,48,6,11,0,65,0.0642,65,32.98,1.10,zone1,60.03
1775528182.53,CAM_002,Av. Arequipa,180,11,31,1,223,0.0606,223,13.15,5.70,zone2,60.03
1775528182.53,CAM_003,Av. Salaverry,180,11,31,1,223,0.0606,223,13.15,5.70,zone3,60.03
1775528182.53,CAM_004,Av. Petit Thouars,180,11,31,1,223,0.0606,223,13.15,5.70,zone4,60.03
1775528242.54,CAM_001,Av. Javier Prado,14,1,3,0,18,0.0206,18,20.52,0.35,zone1,60.01
1775528242.54,CAM_002,Av. Arequipa,119,5,9,0,133,0.0515,133,3.04,5.92,zone2,60.01
1775528242.54,CAM_003,Av. Salaverry,119,5,9,0,133,0.0515,133,3.04,5.92,zone3,60.01
1775528242.54,CAM_004,Av. Petit Thouars,119,5,9,0,133,0.0515,133,3.04,5.92,zone4,60.01
1775528302.56,CAM_001,Av. Javier Prado,99,5,23,0,127,0.1045,127,26.67,2.35,zone1,60.02
1775528302.56,CAM_002,Av. Arequipa,284,13,40,0,337,0.1007,337,13.60,8.35,zone2,60.02
1775528302.56,CAM_003,Av. Salaverry,284,13,40,0,337,0.1007,337,13.60,8.35,zone3,60.02
1775528302.56,CAM_004,Av. Petit Thouars,284,13,40,0,337,0.1007,337,13.60,8.35,zone4,60.02
1775528362.56,CAM_001,Av. Javier Prado,8,0,0,0,8,0.0510,8,2.98,1.09,zone1,60.00
1775528362.56,CAM_002,Av. Arequipa,90,11,10,3,114,0.0637,114,2.26,6.82,zone2,60.00
1775528362.56,CAM_003,Av. Salaverry,90,11,10,3,114,0.0637,114,2.26,6.82,zone3,60.00
1775528362.56,CAM_004,Av. Petit Thouars,90,11,10,3,114,0.0637,114,2.26,6.82,zone4,60.00
1775528422.58,CAM_001,Av. Javier Prado,88,7,18,1,114,0.1471,114,19.61,2.59,zone1,60.01
1775528422.58,CAM_002,Av. Arequipa,265,7,29,4,305,0.1002,305,11.04,8.76,zone2,60.01
1775528422.58,CAM_003,Av. Salaverry,265,7,29,4,305,0.1002,305,11.04,8.76,zone3,60.01
1775528422.58,CAM_004,Av. Petit Thouars,265,7,29,4,305,0.1002,305,11.04,8.76,zone4,60.01
1775528482.59,CAM_001,Av. Javier Prado,31,1,0,0,32,0.0190,32,37.76,0.42,zone1,60.01
1775528482.59,CAM_002,Av. Arequipa,172,5,9,0,186,0.0392,186,7.70,5.97,zone2,60.01
1775528482.59,CAM_003,Av. Salaverry,172,5,9,0,186,0.0392,186,7.70,5.97,zone3,60.01
1775528482.59,CAM_004,Av. Petit Thouars,172,5,9,0,186,0.0392,186,7.70,5.97,zone4,60.01
1775528542.60,CAM_001,Av. Javier Prado,42,4,6,0,52,0.0448,52,21.99,1.08,zone1,60.01
1775528542.60,CAM_002,Av. Arequipa,167,4,10,0,181,0.0575,181,7.06,6.84,zone2,60.01
1775528542.60,CAM_003,Av. Salaverry,167,4,10,0,181,0.0575,181,7.06,6.84,zone3,60.01
1775528542.60,CAM_004,Av. Petit Thouars,167,4,10,0,181,0.0575,181,7.06,6.84,zone4,60.01
1775528602.63,CAM_001,Av. Javier Prado,63,3,9,0,75,0.0494,75,28.32,1.50,zone1,60.02
1775528602.63,CAM_002,Av. Arequipa,249,3,16,1,269,0.0571,269,11.83,7.26,zone2,60.02
1775528602.63,CAM_003,Av. Salaverry,249,3,16,1,269,0.0571,269,11.83,7.26,zone3,60.02
1775528602.63,CAM_004,Av. Petit Thouars,249,3,16,1,269,0.0571,269,11.83,7.26,zone4,60.02
1775528662.65,CAM_001,Av. Javier Prado,13,0,1,2,16,0.0116,16,15.66,0.33,zone1,60.02
1775528662.65,CAM_002,Av. Arequipa,100,0,3,5,108,0.0354,108,3.25,5.00,zone2,60.02
1775528662.65,CAM_003,Av. Salaverry,100,0,3,5,108,0.0354,108,3.25,5.00,zone3,60.02
1775528662.65,CAM_004,Av. Petit Thouars,100,0,3,5,108,0.0354,108,3.25,5.00,zone4,60.02
1775528722.68,CAM_001,Av. Javier Prado,96,8,15,0,119,0.1103,119,23.33,2.53,zone1,60.03
1775528722.68,CAM_002,Av. Arequipa,253,18,42,3,316,0.0970,316,12.49,8.96,zone2,60.03
1775528722.68,CAM_003,Av. Salaverry,253,18,42,3,316,0.0970,316,12.49,8.96,zone3,60.03
1775528722.68,CAM_004,Av. Petit Thouars,253,18,42,3,316,0.0970,316,12.49,8.96,zone4,60.03
1775528782.70,CAM_001,Av. Javier Prado,12,0,3,0,15,0.0154,15,22.32,0.39,zone1,60.02
1775528782.70,CAM_002,Av. Arequipa,86,0,10,3,99,0.0281,99,5.38,4.49,zone2,60.02
1775528782.70,CAM_003,Av. Salaverry,86,0,10,3,99,0.0281,99,5.38,4.49,zone3,60.02
1775528782.70,CAM_004,Av. Petit Thouars,86,0,10,3,99,0.0281,99,5.38,4.49,zone4,60.02
1775528842.74,CAM_001,Av. Javier Prado,69,7,9,0,85,0.1036,85,23.98,2.01,zone1,60.04
1775528842.74,CAM_002,Av. Arequipa,224,12,19,0,255,0.0924,255,10.43,8.80,zone2,60.04
1775528842.74,CAM_003,Av. Salaverry,224,12,19,0,255,0.0924,255,10.43,8.80,zone3,60.04
1775528842.74,CAM_004,Av. Petit Thouars,224,12,19,0,255,0.0924,255,10.43,8.80,zone4,60.04
1775528902.76,CAM_001,Av. Javier Prado,36,0,1,0,37,0.0201,37,35.80,0.55,zone1,60.02
1775528902.76,CAM_002,Av. Arequipa,161,10,12,7,190,0.0454,190,8.85,5.14,zone2,60.02
1775528902.76,CAM_003,Av. Salaverry,161,10,12,7,190,0.0454,190,8.85,5.14,zone3,60.02
1775528902.76,CAM_004,Av. Petit Thouars,161,10,12,7,190,0.0454,190,8.85,5.14,zone4,60.02
1775528962.77,CAM_001,Av. Javier Prado,51,2,12,0,65,0.0603,65,21.40,1.31,zone1,60.01
1775528962.77,CAM_002,Av. Arequipa,170,9,26,1,206,0.0642,206,8.45,6.48,zone2,60.01
1775528962.77,CAM_003,Av. Salaverry,170,9,26,1,206,0.0642,206,8.45,6.48,zone3,60.01
1775528962.77,CAM_004,Av. Petit Thouars,170,9,26,1,206,0.0642,206,8.45,6.48,zone4,60.01
1775529022.77,CAM_001,Av. Javier Prado,53,2,3,2,60,0.0436,60,34.77,1.13,zone1,60.00
1775529022.77,CAM_002,Av. Arequipa,193,5,14,9,221,0.0479,221,11.57,6.71,zone2,60.00
1775529022.77,CAM_003,Av. Salaverry,193,5,14,9,221,0.0479,221,11.57,6.71,zone3,60.00
1775529022.77,CAM_004,Av. Petit Thouars,193,5,14,9,221,0.0479,221,11.57,6.71,zone4,60.00
1775529082.77,CAM_001,Av. Javier Prado,19,1,0,0,20,0.0114,20,15.39,0.50,zone1,60.00
1775529082.77,CAM_002,Av. Arequipa,107,22,18,0,147,0.0343,147,5.63,4.49,zone2,60.00
1775529082.77,CAM_003,Av. Salaverry,107,22,18,0,147,0.0343,147,5.63,4.49,zone3,60.00
1775529082.77,CAM_004,Av. Petit Thouars,107,22,18,0,147,0.0343,147,5.63,4.49,zone4,60.00
1775529142.80,CAM_001,Av. Javier Prado,80,1,9,0,90,0.0817,90,25.07,2.01,zone1,60.02
1775529142.80,CAM_002,Av. Arequipa,218,5,18,0,241,0.0802,241,10.67,8.63,zone2,60.02
1775529142.80,CAM_003,Av. Salaverry,218,5,18,0,241,0.0802,241,10.67,8.63,zone3,60.02
1775529142.80,CAM_004,Av. Petit Thouars,218,5,18,0,241,0.0802,241,10.67,8.63,zone4,60.02
1775529202.82,CAM_001,Av. Javier Prado,9,2,2,0,13,0.0062,13,18.61,0.18,zone1,60.03
1775529202.82,CAM_002,Av. Arequipa,95,12,16,1,124,0.0664,124,4.36,3.68,zone2,60.03
1775529202.82,CAM_003,Av. Salaverry,95,12,16,1,124,0.0664,124,4.36,3.68,zone3,60.03
1775529202.82,CAM_004,Av. Petit Thouars,95,12,16,1,124,0.0664,124,4.36,3.68,zone4,60.03
1775529262.86,CAM_001,Av. Javier Prado,77,7,18,0,102,0.0905,102,24.72,2.12,zone1,60.03
1775529262.86,CAM_002,Av. Arequipa,248,13,34,1,296,0.1186,296,11.89,7.52,zone2,60.03
1775529262.86,CAM_003,Av. Salaverry,248,13,34,1,296,0.1186,296,11.89,7.52,zone3,60.03
1775529262.86,CAM_004,Av. Petit Thouars,248,13,34,1,296,0.1186,296,11.89,7.52,zone4,60.03
1775529322.88,CAM_001,Av. Javier Prado,12,2,0,2,16,0.0055,16,30.32,0.18,zone1,60.02
1775529322.88,CAM_002,Av. Arequipa,115,2,14,2,133,0.0260,133,5.09,4.91,zone2,60.02
1775529322.88,CAM_003,Av. Salaverry,115,2,14,2,133,0.0260,133,5.09,4.91,zone3,60.02
1775529322.88,CAM_004,Av. Petit Thouars,115,2,14,2,133,0.0260,133,5.09,4.91,zone4,60.02
1775529382.90,CAM_001,Av. Javier Prado,43,4,15,0,62,0.0707,62,18.55,1.28,zone1,60.03
1775529382.90,CAM_002,Av. Arequipa,198,7,27,1,233,0.0704,233,7.09,7.14,zone2,60.03
1775529382.90,CAM_003,Av. Salaverry,198,7,27,1,233,0.0704,233,7.09,7.14,zone3,60.03
1775529382.90,CAM_004,Av. Petit Thouars,198,7,27,1,233,0.0704,233,7.09,7.14,zone4,60.03
1775529442.93,CAM_001,Av. Javier Prado,52,7,5,0,64,0.0611,64,29.30,1.18,zone1,60.03
1775529442.93,CAM_002,Av. Arequipa,191,14,16,5,226,0.0655,226,10.94,6.28,zone2,60.03
1775529442.93,CAM_003,Av. Salaverry,191,14,16,5,226,0.0655,226,10.94,6.28,zone3,60.03
1775529442.93,CAM_004,Av. Petit Thouars,191,14,16,5,226,0.0655,226,10.94,6.28,zone4,60.03
1775529502.94,CAM_001,Av. Javier Prado,16,1,4,0,21,0.0138,21,17.45,0.35,zone1,60.01
1775529502.94,CAM_002,Av. Arequipa,141,15,33,0,189,0.0378,189,3.47,5.82,zone2,60.01
1775529502.94,CAM_003,Av. Salaverry,141,15,33,0,189,0.0378,189,3.47,5.82,zone3,60.01
1775529502.94,CAM_004,Av. Petit Thouars,141,15,33,0,189,0.0378,189,3.47,5.82,zone4,60.01
1775529562.96,CAM_001,Av. Javier Prado,84,2,11,1,98,0.0798,98,25.57,2.24,zone1,60.02
1775529562.96,CAM_002,Av. Arequipa,233,2,20,2,257,0.0769,257,12.11,8.90,zone2,60.02
1775529562.96,CAM_003,Av. Salaverry,233,2,20,2,257,0.0769,257,12.11,8.90,zone3,60.02
1775529562.96,CAM_004,Av. Petit Thouars,233,2,20,2,257,0.0769,257,12.11,8.90,zone4,60.02
1775529622.97,CAM_001,Av. Javier Prado,8,0,0,1,9,0.0039,9,9.10,0.18,zone1,60.00
1775529622.97,CAM_002,Av. Arequipa,94,6,3,1,104,0.0375,104,2.81,5.73,zone2,60.00
1775529622.97,CAM_003,Av. Salaverry,94,6,3,1,104,0.0375,104,2.81,5.73,zone3,60.00
1775529622.97,CAM_004,Av. Petit Thouars,94,6,3,1,104,0.0375,104,2.81,5.73,zone4,60.00
1775529682.99,CAM_001,Av. Javier Prado,69,5,18,0,92,0.1067,92,20.46,2.21,zone1,60.02
1775529682.99,CAM_002,Av. Arequipa,242,11,39,0,292,0.1032,292,10.02,8.62,zone2,60.02
1775529682.99,CAM_003,Av. Salaverry,242,11,39,0,292,0.1032,292,10.02,8.62,zone3,60.02
1775529682.99,CAM_004,Av. Petit Thouars,242,11,39,0,292,0.1032,292,10.02,8.62,zone4,60.02
1775529743.01,CAM_001,Av. Javier Prado,28,3,10,0,41,0.0361,41,32.75,0.76,zone1,60.02
1775529743.01,CAM_002,Av. Arequipa,126,11,19,0,156,0.0494,156,10.71,4.72,zone2,60.02
1775529743.01,CAM_003,Av. Salaverry,126,11,19,0,156,0.0494,156,10.71,4.72,zone3,60.02
1775529743.01,CAM_004,Av. Petit Thouars,126,11,19,0,156,0.0494,156,10.71,4.72,zone4,60.02
1775529803.03,CAM_001,Av. Javier Prado,43,8,8,0,59,0.0732,59,20.78,1.43,zone1,60.02
1775529803.03,CAM_002,Av. Arequipa,150,10,14,1,175,0.0651,175,8.37,6.30,zone2,60.02
1775529803.03,CAM_003,Av. Salaverry,150,10,14,1,175,0.0651,175,8.37,6.30,zone3,60.02
1775529803.03,CAM_004,Av. Petit Thouars,150,10,14,1,175,0.0651,175,8.37,6.30,zone4,60.02
1775529863.05,CAM_001,Av. Javier Prado,43,2,11,0,56,0.0465,56,35.19,1.02,zone1,60.03
1775529863.05,CAM_002,Av. Arequipa,156,1,10,3,170,0.0407,170,13.26,5.11,zone2,60.03
1775529863.05,CAM_003,Av. Salaverry,156,1,10,3,170,0.0407,170,13.26,5.11,zone3,60.03
1775529863.05,CAM_004,Av. Petit Thouars,156,1,10,3,170,0.0407,170,13.26,5.11,zone4,60.03
1775529923.09,CAM_001,Av. Javier Prado,13,1,0,0,14,0.0299,14,12.26,0.53,zone1,60.04
1775529923.09,CAM_002,Av. Arequipa,102,1,0,0,103,0.0321,103,3.36,4.96,zone2,60.04
1775529923.09,CAM_003,Av. Salaverry,102,1,0,0,103,0.0321,103,3.36,4.96,zone3,60.04
1775529923.09,CAM_004,Av. Petit Thouars,102,1,0,0,103,0.0321,103,3.36,4.96,zone4,60.04
1775529983.13,CAM_001,Av. Javier Prado,69,10,13,0,92,0.1091,92,23.03,2.22,zone1,60.03
1775529983.13,CAM_002,Av. Arequipa,224,15,24,0,263,0.1027,263,11.07,8.74,zone2,60.03
1775529983.13,CAM_003,Av. Salaverry,224,15,24,0,263,0.1027,263,11.07,8.74,zone3,60.03
1775529983.13,CAM_004,Av. Petit Thouars,224,15,24,0,263,0.1027,263,11.07,8.74,zone4,60.03
1775530043.15,CAM_001,Av. Javier Prado,6,0,0,1,7,0.0020,7,44.37,0.07,zone1,60.03
1775530043.15,CAM_002,Av. Arequipa,74,3,9,9,95,0.0232,95,5.55,3.02,zone2,60.03
1775530043.15,CAM_003,Av. Salaverry,74,3,9,9,95,0.0232,95,5.55,3.02,zone3,60.03
1775530043.15,CAM_004,Av. Petit Thouars,74,3,9,9,95,0.0232,95,5.55,3.02,zone4,60.03
1775530103.18,CAM_001,Av. Javier Prado,56,2,19,0,77,0.0740,77,24.33,1.68,zone1,60.02
1775530103.18,CAM_002,Av. Arequipa,208,4,22,1,235,0.0719,235,10.52,6.76,zone2,60.02
1775530103.18,CAM_003,Av. Salaverry,208,4,22,1,235,0.0719,235,10.52,6.76,zone3,60.02
1775530103.18,CAM_004,Av. Petit Thouars,208,4,22,1,235,0.0719,235,10.52,6.76,zone4,60.02
1775530163.18,CAM_001,Av. Javier Prado,41,3,5,0,49,0.0340,49,30.69,0.83,zone1,60.01
1775530163.18,CAM_002,Av. Arequipa,182,5,15,3,205,0.0391,205,11.48,5.10,zone2,60.01
1775530163.18,CAM_003,Av. Salaverry,182,5,15,3,205,0.0391,205,11.48,5.10,zone3,60.01
1775530163.18,CAM_004,Av. Petit Thouars,182,5,15,3,205,0.0391,205,11.48,5.10,zone4,60.01
1775530223.21,CAM_001,Av. Javier Prado,51,0,7,1,59,0.0680,59,19.96,1.90,zone1,60.02
1775530223.21,CAM_002,Av. Arequipa,160,4,16,1,181,0.0774,181,10.02,7.54,zone2,60.02
1775530223.21,CAM_003,Av. Salaverry,160,4,16,1,181,0.0774,181,10.02,7.54,zone3,60.02
1775530223.21,CAM_004,Av. Petit Thouars,160,4,16,1,181,0.0774,181,10.02,7.54,zone4,60.02
1775530283.21,CAM_001,Av. Javier Prado,48,2,17,0,67,0.0571,67,27.38,1.22,zone1,60.00
1775530283.21,CAM_002,Av. Arequipa,211,12,23,0,246,0.0535,246,11.20,6.02,zone2,60.00
1775530283.21,CAM_003,Av. Salaverry,211,12,23,0,246,0.0535,246,11.20,6.02,zone3,60.00
1775530283.21,CAM_004,Av. Petit Thouars,211,12,23,0,246,0.0535,246,11.20,6.02,zone4,60.00
1775530343.22,CAM_001,Av. Javier Prado,13,1,1,0,15,0.0193,15,14.83,0.56,zone1,60.01
1775530343.22,CAM_002,Av. Arequipa,101,10,9,0,120,0.0883,120,3.86,5.54,zone2,60.01
1775530343.22,CAM_003,Av. Salaverry,101,10,9,0,120,0.0883,120,3.86,5.54,zone3,60.01
1775530343.22,CAM_004,Av. Petit Thouars,101,10,9,0,120,0.0883,120,3.86,5.54,zone4,60.01
1775530403.25,CAM_001,Av. Javier Prado,90,15,15,0,120,0.1172,120,22.21,2.54,zone1,60.03
1775530403.25,CAM_002,Av. Arequipa,263,16,30,0,309,0.1185,309,11.42,8.74,zone2,60.03
1775530403.25,CAM_003,Av. Salaverry,263,16,30,0,309,0.1185,309,11.42,8.74,zone3,60.03
1775530403.25,CAM_004,Av. Petit Thouars,263,16,30,0,309,0.1185,309,11.42,8.74,zone4,60.03
1775530463.29,CAM_001,Av. Javier Prado,13,1,2,3,19,0.0065,19,20.63,0.24,zone1,60.04
1775530463.29,CAM_002,Av. Arequipa,70,2,4,5,81,0.0211,81,3.74,3.80,zone2,60.04
1775530463.29,CAM_003,Av. Salaverry,70,2,4,5,81,0.0211,81,3.74,3.80,zone3,60.04
1775530463.29,CAM_004,Av. Petit Thouars,70,2,4,5,81,0.0211,81,3.74,3.80,zone4,60.04
1775530523.31,CAM_001,Av. Javier Prado,85,4,25,0,114,0.1654,114,15.95,2.81,zone1,60.02
1775530523.31,CAM_002,Av. Arequipa,203,12,46,2,263,0.1245,263,11.33,7.31,zone2,60.02
1775530523.31,CAM_003,Av. Salaverry,203,12,46,2,263,0.1245,263,11.33,7.31,zone3,60.02
1775530523.31,CAM_004,Av. Petit Thouars,203,12,46,2,263,0.1245,263,11.33,7.31,zone4,60.02
1775530583.34,CAM_001,Av. Javier Prado,31,1,3,0,35,0.0318,35,33.82,0.63,zone1,60.03
1775530583.34,CAM_002,Av. Arequipa,122,1,15,2,140,0.0390,140,12.05,4.02,zone2,60.03
1775530583.34,CAM_003,Av. Salaverry,122,1,15,2,140,0.0390,140,12.05,4.02,zone3,60.03
1775530583.34,CAM_004,Av. Petit Thouars,122,1,15,2,140,0.0390,140,12.05,4.02,zone4,60.03
1775530643.36,CAM_001,Av. Javier Prado,53,2,12,0,67,0.0454,67,21.06,1.11,zone1,60.01
1775530643.36,CAM_002,Av. Arequipa,171,6,21,0,198,0.0516,198,8.48,5.98,zone2,60.01
1775530643.36,CAM_003,Av. Salaverry,171,6,21,0,198,0.0516,198,8.48,5.98,zone3,60.01
1775530643.36,CAM_004,Av. Petit Thouars,171,6,21,0,198,0.0516,198,8.48,5.98,zone4,60.01
1775530703.37,CAM_001,Av. Javier Prado,42,3,10,0,55,0.0566,55,27.35,1.26,zone1,60.01
1775530703.37,CAM_002,Av. Arequipa,167,9,12,0,188,0.0476,188,12.31,5.38,zone2,60.01
1775530703.37,CAM_003,Av. Salaverry,167,9,12,0,188,0.0476,188,12.31,5.38,zone3,60.01
1775530703.37,CAM_004,Av. Petit Thouars,167,9,12,0,188,0.0476,188,12.31,5.38,zone4,60.01
1775530763.38,CAM_001,Av. Javier Prado,12,3,0,0,15,0.0272,15,14.98,0.45,zone1,60.01
1775530763.38,CAM_002,Av. Arequipa,119,5,2,1,127,0.0403,127,3.44,6.42,zone2,60.01
1775530763.38,CAM_003,Av. Salaverry,119,5,2,1,127,0.0403,127,3.44,6.42,zone3,60.01
1775530763.38,CAM_004,Av. Petit Thouars,119,5,2,1,127,0.0403,127,3.44,6.42,zone4,60.01
1775530823.39,CAM_001,Av. Javier Prado,90,2,10,0,102,0.0999,102,21.98,2.29,zone1,60.01
1775530823.39,CAM_002,Av. Arequipa,225,6,17,0,248,0.0848,248,10.99,8.60,zone2,60.01
1775530823.39,CAM_003,Av. Salaverry,225,6,17,0,248,0.0848,248,10.99,8.60,zone3,60.01
1775530823.39,CAM_004,Av. Petit Thouars,225,6,17,0,248,0.0848,248,10.99,8.60,zone4,60.01
1775530883.41,CAM_001,Av. Javier Prado,2,2,1,0,5,0.0045,5,27.84,0.12,zone1,60.02
1775530883.41,CAM_002,Av. Arequipa,91,3,6,0,100,0.0207,100,4.77,4.04,zone2,60.02
1775530883.41,CAM_003,Av. Salaverry,91,3,6,0,100,0.0207,100,4.77,4.04,zone3,60.02
1775530883.41,CAM_004,Av. Petit Thouars,91,3,6,0,100,0.0207,100,4.77,4.04,zone4,60.02
1775530943.45,CAM_001,Av. Javier Prado,71,10,14,0,95,0.1058,95,21.41,2.11,zone1,60.04
1775530943.45,CAM_002,Av. Arequipa,247,20,27,0,294,0.1011,294,9.91,8.92,zone2,60.04
1775530943.45,CAM_003,Av. Salaverry,247,20,27,0,294,0.1011,294,9.91,8.92,zone3,60.04
1775530943.45,CAM_004,Av. Petit Thouars,247,20,27,0,294,0.1011,294,9.91,8.92,zone4,60.04
1775531003.49,CAM_001,Av. Javier Prado,21,6,12,0,39,0.0302,39,38.36,0.46,zone1,60.04
1775531003.49,CAM_002,Av. Arequipa,115,10,20,2,147,0.0389,147,9.06,4.40,zone2,60.04
1775531003.49,CAM_003,Av. Salaverry,115,10,20,2,147,0.0389,147,9.06,4.40,zone3,60.04
1775531003.49,CAM_004,Av. Petit Thouars,115,10,20,2,147,0.0389,147,9.06,4.40,zone4,60.04
1775531063.51,CAM_001,Av. Javier Prado,58,7,11,0,76,0.0989,76,18.21,2.00,zone1,60.01
1775531063.51,CAM_002,Av. Arequipa,191,24,21,3,239,0.1061,239,8.12,8.20,zone2,60.01
1775531063.51,CAM_003,Av. Salaverry,191,24,21,3,239,0.1061,239,8.12,8.20,zone3,60.01
1775531063.51,CAM_004,Av. Petit Thouars,191,24,21,3,239,0.1061,239,8.12,8.20,zone4,60.01
1775531123.51,CAM_001,Av. Javier Prado,47,3,23,0,73,0.0583,73,26.27,1.27,zone1,60.01
1775531123.51,CAM_002,Av. Arequipa,191,5,28,0,224,0.0547,224,9.13,6.88,zone2,60.01
1775531123.51,CAM_003,Av. Salaverry,191,5,28,0,224,0.0547,224,9.13,6.88,zone3,60.01
1775531123.51,CAM_004,Av. Petit Thouars,191,5,28,0,224,0.0547,224,9.13,6.88,zone4,60.01
1775531183.53,CAM_001,Av. Javier Prado,17,1,3,0,21,0.0321,21,16.70,0.56,zone1,60.02
1775531183.53,CAM_002,Av. Arequipa,130,3,5,2,140,0.0328,140,6.54,4.52,zone2,60.02
1775531183.53,CAM_003,Av. Salaverry,130,3,5,2,140,0.0328,140,6.54,4.52,zone3,60.02
1775531183.53,CAM_004,Av. Petit Thouars,130,3,5,2,140,0.0328,140,6.54,4.52,zone4,60.02
1775531243.55,CAM_001,Av. Javier Prado,106,1,16,0,123,0.0933,123,22.59,2.31,zone1,60.01
1775531243.55,CAM_002,Av. Arequipa,278,6,28,1,313,0.1159,313,10.67,8.95,zone2,60.01
1775531243.55,CAM_003,Av. Salaverry,278,6,28,1,313,0.1159,313,10.67,8.95,zone3,60.01
1775531243.55,CAM_004,Av. Petit Thouars,278,6,28,1,313,0.1159,313,10.67,8.95,zone4,60.01
1775531303.56,CAM_001,Av. Javier Prado,9,1,4,0,14,0.0097,14,28.93,0.22,zone1,60.02
1775531303.56,CAM_002,Av. Arequipa,129,4,10,0,143,0.0299,143,5.73,4.67,zone2,60.02
1775531303.56,CAM_003,Av. Salaverry,129,4,10,0,143,0.0299,143,5.73,4.67,zone3,60.02
1775531303.56,CAM_004,Av. Petit Thouars,129,4,10,0,143,0.0299,143,5.73,4.67,zone4,60.02
1775531363.57,CAM_001,Av. Javier Prado,78,9,14,0,101,0.1614,101,17.04,3.14,zone1,60.00
1775531363.57,CAM_002,Av. Arequipa,254,12,25,1,292,0.1100,292,10.51,9.02,zone2,60.00
1775531363.57,CAM_003,Av. Salaverry,254,12,25,1,292,0.1100,292,10.51,9.02,zone3,60.00
1775531363.57,CAM_004,Av. Petit Thouars,254,12,25,1,292,0.1100,292,10.51,9.02,zone4,60.00
1775531423.60,CAM_001,Av. Javier Prado,32,3,10,0,45,0.0379,45,31.01,0.95,zone1,60.03
1775531423.60,CAM_002,Av. Arequipa,147,7,18,0,172,0.0435,172,10.87,5.56,zone2,60.03
1775531423.60,CAM_003,Av. Salaverry,147,7,18,0,172,0.0435,172,10.87,5.56,zone3,60.03
1775531423.60,CAM_004,Av. Petit Thouars,147,7,18,0,172,0.0435,172,10.87,5.56,zone4,60.03
1775531483.62,CAM_001,Av. Javier Prado,58,4,6,0,68,0.0977,68,20.38,2.17,zone1,60.03
1775531483.62,CAM_002,Av. Arequipa,197,10,15,1,223,0.0908,223,9.21,8.66,zone2,60.03
1775531483.62,CAM_003,Av. Salaverry,197,10,15,1,223,0.0908,223,9.21,8.66,zone3,60.03
1775531483.62,CAM_004,Av. Petit Thouars,197,10,15,1,223,0.0908,223,9.21,8.66,zone4,60.03
1775531543.66,CAM_001,Av. Javier Prado,61,3,14,1,79,0.0543,79,34.38,1.31,zone1,60.04
1775531543.66,CAM_002,Av. Arequipa,202,4,20,1,227,0.0595,227,12.05,7.35,zone2,60.04
1775531543.66,CAM_003,Av. Salaverry,202,4,20,1,227,0.0595,227,12.05,7.35,zone3,60.04
1775531543.66,CAM_004,Av. Petit Thouars,202,4,20,1,227,0.0595,227,12.05,7.35,zone4,60.04
1775531603.66,CAM_001,Av. Javier Prado,13,0,4,0,17,0.0102,17,21.29,0.22,zone1,60.01
1775531603.66,CAM_002,Av. Arequipa,122,2,3,0,127,0.0327,127,3.51,5.74,zone2,60.01
1775531603.66,CAM_003,Av. Salaverry,122,2,3,0,127,0.0327,127,3.51,5.74,zone3,60.01
1775531603.66,CAM_004,Av. Petit Thouars,122,2,3,0,127,0.0327,127,3.51,5.74,zone4,60.01
1775531663.69,CAM_001,Av. Javier Prado,97,6,15,0,118,0.0945,118,26.70,2.35,zone1,60.03
1775531663.69,CAM_002,Av. Arequipa,249,13,38,0,300,0.0997,300,12.95,9.14,zone2,60.03
1775531663.69,CAM_003,Av. Salaverry,249,13,38,0,300,0.0997,300,12.95,9.14,zone3,60.03
1775531663.69,CAM_004,Av. Petit Thouars,249,13,38,0,300,0.0997,300,12.95,9.14,zone4,60.03
1775531723.74,CAM_001,Av. Javier Prado,18,0,1,1,20,0.0164,20,32.08,0.46,zone1,60.04
1775531723.74,CAM_002,Av. Arequipa,121,0,0,6,127,0.0309,127,7.70,5.01,zone2,60.04
1775531723.74,CAM_003,Av. Salaverry,121,0,0,6,127,0.0309,127,7.70,5.01,zone3,60.04
1775531723.74,CAM_004,Av. Petit Thouars,121,0,0,6,127,0.0309,127,7.70,5.01,zone4,60.04
1775531783.74,CAM_001,Av. Javier Prado,65,7,13,0,85,0.0925,85,23.53,2.14,zone1,60.01
1775531783.74,CAM_002,Av. Arequipa,235,14,18,0,267,0.0884,267,10.43,8.75,zone2,60.01
1775531783.74,CAM_003,Av. Salaverry,235,14,18,0,267,0.0884,267,10.43,8.75,zone3,60.01
1775531783.74,CAM_004,Av. Petit Thouars,235,14,18,0,267,0.0884,267,10.43,8.75,zone4,60.01
1775531843.78,CAM_001,Av. Javier Prado,30,1,5,0,36,0.0312,36,30.37,0.77,zone1,60.04
1775531843.78,CAM_002,Av. Arequipa,145,13,15,0,173,0.0489,173,10.15,5.09,zone2,60.04
1775531843.78,CAM_003,Av. Salaverry,145,13,15,0,173,0.0489,173,10.15,5.09,zone3,60.04
1775531843.78,CAM_004,Av. Petit Thouars,145,13,15,0,173,0.0489,173,10.15,5.09,zone4,60.04
1775531903.80,CAM_001,Av. Javier Prado,35,9,12,0,56,0.0753,56,21.67,1.11,zone1,60.02
1775531903.80,CAM_002,Av. Arequipa,137,33,32,0,202,0.1425,202,7.31,6.67,zone2,60.02
1775531903.80,CAM_003,Av. Salaverry,137,33,32,0,202,0.1425,202,7.31,6.67,zone3,60.02
1775531903.80,CAM_004,Av. Petit Thouars,137,33,32,0,202,0.1425,202,7.31,6.67,zone4,60.02
1775531963.81,CAM_001,Av. Javier Prado,49,1,11,0,61,0.0502,61,36.60,1.17,zone1,60.01
1775531963.81,CAM_002,Av. Arequipa,175,8,25,3,211,0.0598,211,12.96,6.27,zone2,60.01
1775531963.81,CAM_003,Av. Salaverry,175,8,25,3,211,0.0598,211,12.96,6.27,zone3,60.01
1775531963.81,CAM_004,Av. Petit Thouars,175,8,25,3,211,0.0598,211,12.96,6.27,zone4,60.01
1775532023.82,CAM_001,Av. Javier Prado,17,0,2,0,19,0.0229,19,22.23,0.52,zone1,60.01
1775532023.82,CAM_002,Av. Arequipa,103,7,8,1,119,0.0362,119,5.70,4.89,zone2,60.01
1775532023.82,CAM_003,Av. Salaverry,103,7,8,1,119,0.0362,119,5.70,4.89,zone3,60.01
1775532023.82,CAM_004,Av. Petit Thouars,103,7,8,1,119,0.0362,119,5.70,4.89,zone4,60.01
1775532083.85,CAM_001,Av. Javier Prado,62,6,12,0,80,0.0811,80,23.98,1.82,zone1,60.03
1775532083.85,CAM_002,Av. Arequipa,225,7,16,0,248,0.0728,248,12.87,6.84,zone2,60.03
1775532083.85,CAM_003,Av. Salaverry,225,7,16,0,248,0.0728,248,12.87,6.84,zone3,60.03
1775532083.85,CAM_004,Av. Petit Thouars,225,7,16,0,248,0.0728,248,12.87,6.84,zone4,60.03
1775532143.87,CAM_001,Av. Javier Prado,15,0,1,0,16,0.0053,16,15.51,0.21,zone1,60.02
1775532143.87,CAM_002,Av. Arequipa,125,5,5,1,136,0.0280,136,4.25,4.28,zone2,60.02
1775532143.87,CAM_003,Av. Salaverry,125,5,5,1,136,0.0280,136,4.25,4.28,zone3,60.02
1775532143.87,CAM_004,Av. Petit Thouars,125,5,5,1,136,0.0280,136,4.25,4.28,zone4,60.02
1775532203.90,CAM_001,Av. Javier Prado,37,4,7,0,48,0.0345,48,22.58,0.94,zone1,60.03
1775532203.90,CAM_002,Av. Arequipa,149,9,13,1,172,0.0453,172,8.72,5.09,zone2,60.03
1775532203.90,CAM_003,Av. Salaverry,149,9,13,1,172,0.0453,172,8.72,5.09,zone3,60.03
1775532203.90,CAM_004,Av. Petit Thouars,149,9,13,1,172,0.0453,172,8.72,5.09,zone4,60.03
1775532263.94,CAM_001,Av. Javier Prado,36,2,3,0,41,0.0171,41,27.00,0.50,zone1,60.04
1775532263.94,CAM_002,Av. Arequipa,154,6,6,3,169,0.0286,169,7.97,4.27,zone2,60.04
1775532263.94,CAM_003,Av. Salaverry,154,6,6,3,169,0.0286,169,7.97,4.27,zone3,60.04
1775532263.94,CAM_004,Av. Petit Thouars,154,6,6,3,169,0.0286,169,7.97,4.27,zone4,60.04
1775532323.97,CAM_001,Av. Javier Prado,52,2,11,0,65,0.0689,65,17.75,1.54,zone1,60.04
1775532323.97,CAM_002,Av. Arequipa,171,9,21,2,203,0.0737,203,7.37,7.70,zone2,60.04
1775532323.97,CAM_003,Av. Salaverry,171,9,21,2,203,0.0737,203,7.37,7.70,zone3,60.04
1775532323.97,CAM_004,Av. Petit Thouars,171,9,21,2,203,0.0737,203,7.37,7.70,zone4,60.04
1775532383.98,CAM_001,Av. Javier Prado,38,6,8,0,52,0.0495,52,21.81,1.15,zone1,60.01
1775532383.98,CAM_002,Av. Arequipa,156,9,15,4,184,0.0446,184,9.58,4.95,zone2,60.01
1775532383.98,CAM_003,Av. Salaverry,156,9,15,4,184,0.0446,184,9.58,4.95,zone3,60.01
1775532383.98,CAM_004,Av. Petit Thouars,156,9,15,4,184,0.0446,184,9.58,4.95,zone4,60.01
1775532444.00,CAM_001,Av. Javier Prado,13,0,1,0,14,0.0101,14,13.07,0.37,zone1,60.01
1775532444.00,CAM_002,Av. Arequipa,91,0,2,0,93,0.0256,93,3.49,4.32,zone2,60.01
1775532444.00,CAM_003,Av. Salaverry,91,0,2,0,93,0.0256,93,3.49,4.32,zone3,60.01
1775532444.00,CAM_004,Av. Petit Thouars,91,0,2,0,93,0.0256,93,3.49,4.32,zone4,60.01
1775532504.00,CAM_001,Av. Javier Prado,88,3,6,0,97,0.0808,97,26.31,2.04,zone1,60.00
1775532504.00,CAM_002,Av. Arequipa,220,5,17,0,242,0.0838,242,12.10,8.32,zone2,60.00
1775532504.00,CAM_003,Av. Salaverry,220,5,17,0,242,0.0838,242,12.10,8.32,zone3,60.00
1775532504.00,CAM_004,Av. Petit Thouars,220,5,17,0,242,0.0838,242,12.10,8.32,zone4,60.00
1775532564.02,CAM_001,Av. Javier Prado,11,1,0,1,13,0.0034,13,12.98,0.14,zone1,60.02
1775532564.02,CAM_002,Av. Arequipa,75,0,5,1,81,0.0239,81,2.25,4.26,zone2,60.02
1775532564.02,CAM_003,Av. Salaverry,75,0,5,1,81,0.0239,81,2.25,4.26,zone3,60.02
1775532564.02,CAM_004,Av. Petit Thouars,75,0,5,1,81,0.0239,81,2.25,4.26,zone4,60.02
1775532624.02,CAM_001,Av. Javier Prado,78,3,14,0,95,0.0804,95,24.78,1.97,zone1,60.00
1775532624.02,CAM_002,Av. Arequipa,215,8,21,1,245,0.0788,245,11.31,7.95,zone2,60.00
1775532624.02,CAM_003,Av. Salaverry,215,8,21,1,245,0.0788,245,11.31,7.95,zone3,60.00
1775532624.02,CAM_004,Av. Petit Thouars,215,8,21,1,245,0.0788,245,11.31,7.95,zone4,60.00
1775532684.04,CAM_001,Av. Javier Prado,24,1,3,0,28,0.0304,28,31.33,0.62,zone1,60.03
1775532684.04,CAM_002,Av. Arequipa,103,6,7,0,116,0.0439,116,9.02,4.51,zone2,60.03
1775532684.04,CAM_003,Av. Salaverry,103,6,7,0,116,0.0439,116,9.02,4.51,zone3,60.03
1775532684.04,CAM_004,Av. Petit Thouars,103,6,7,0,116,0.0439,116,9.02,4.51,zone4,60.03
1775532744.08,CAM_001,Av. Javier Prado,55,0,9,0,64,0.0555,64,20.03,1.49,zone1,60.03
1775532744.08,CAM_002,Av. Arequipa,180,2,18,0,200,0.0719,200,8.90,6.64,zone2,60.03
1775532744.08,CAM_003,Av. Salaverry,180,2,18,0,200,0.0719,200,8.90,6.64,zone3,60.03
1775532744.08,CAM_004,Av. Petit Thouars,180,2,18,0,200,0.0719,200,8.90,6.64,zone4,60.03
1775532804.12,CAM_001,Av. Javier Prado,70,1,10,0,81,0.0580,81,27.31,1.44,zone1,60.04
1775532804.12,CAM_002,Av. Arequipa,211,2,15,1,229,0.0570,229,12.96,6.04,zone2,60.04
1775532804.12,CAM_003,Av. Salaverry,211,2,15,1,229,0.0570,229,12.96,6.04,zone3,60.04
1775532804.12,CAM_004,Av. Petit Thouars,211,2,15,1,229,0.0570,229,12.96,6.04,zone4,60.04
1775532864.15,CAM_001,Av. Javier Prado,19,1,6,0,26,0.0423,26,16.65,0.68,zone1,60.03
1775532864.15,CAM_002,Av. Arequipa,96,4,5,0,105,0.0450,105,4.28,5.66,zone2,60.03
1775532864.15,CAM_003,Av. Salaverry,96,4,5,0,105,0.0450,105,4.28,5.66,zone3,60.03
1775532864.15,CAM_004,Av. Petit Thouars,96,4,5,0,105,0.0450,105,4.28,5.66,zone4,60.03
1775532924.15,CAM_001,Av. Javier Prado,75,10,6,0,91,0.0867,91,22.03,2.06,zone1,60.00
1775532924.15,CAM_002,Av. Arequipa,241,16,21,7,285,0.0950,285,11.17,8.01,zone2,60.00
1775532924.15,CAM_003,Av. Salaverry,241,16,21,7,285,0.0950,285,11.17,8.01,zone3,60.00
1775532924.15,CAM_004,Av. Petit Thouars,241,16,21,7,285,0.0950,285,11.17,8.01,zone4,60.00
1775532984.19,CAM_001,Av. Javier Prado,7,0,0,0,7,0.0016,7,7.07,0.09,zone1,60.04
1775532984.19,CAM_002,Av. Arequipa,97,19,13,1,130,0.0268,130,2.64,4.90,zone2,60.04
1775532984.19,CAM_003,Av. Salaverry,97,19,13,1,130,0.0268,130,2.64,4.90,zone3,60.04
1775532984.19,CAM_004,Av. Petit Thouars,97,19,13,1,130,0.0268,130,2.64,4.90,zone4,60.04
1775533044.21,CAM_001,Av. Javier Prado,95,3,15,0,113,0.1235,113,20.94,2.62,zone1,60.02
1775533044.21,CAM_002,Av. Arequipa,252,7,22,4,285,0.0995,285,12.20,8.25,zone2,60.02
1775533044.21,CAM_003,Av. Salaverry,252,7,22,4,285,0.0995,285,12.20,8.25,zone3,60.02
1775533044.21,CAM_004,Av. Petit Thouars,252,7,22,4,285,0.0995,285,12.20,8.25,zone4,60.02
1775533104.22,CAM_001,Av. Javier Prado,24,1,3,0,28,0.0168,28,26.40,0.38,zone1,60.00
1775533104.22,CAM_002,Av. Arequipa,125,5,5,2,137,0.0435,137,5.36,5.09,zone2,60.00
1775533104.22,CAM_003,Av. Salaverry,125,5,5,2,137,0.0435,137,5.36,5.09,zone3,60.00
1775533104.22,CAM_004,Av. Petit Thouars,125,5,5,2,137,0.0435,137,5.36,5.09,zone4,60.00
1775533164.23,CAM_001,Av. Javier Prado,74,2,5,0,81,0.0958,81,17.71,2.13,zone1,60.02
1775533164.23,CAM_002,Av. Arequipa,198,9,16,1,224,0.0865,224,9.12,7.46,zone2,60.02
1775533164.23,CAM_003,Av. Salaverry,198,9,16,1,224,0.0865,224,9.12,7.46,zone3,60.02
1775533164.23,CAM_004,Av. Petit Thouars,198,9,16,1,224,0.0865,224,9.12,7.46,zone4,60.02
1775533224.24,CAM_001,Av. Javier Prado,48,0,3,0,51,0.0443,51,18.61,1.24,zone1,60.01
1775533224.24,CAM_002,Av. Arequipa,209,4,7,2,222,0.0569,222,8.34,6.41,zone2,60.01
1775533224.24,CAM_003,Av. Salaverry,209,4,7,2,222,0.0569,222,8.34,6.41,zone3,60.01
1775533224.24,CAM_004,Av. Petit Thouars,209,4,7,2,222,0.0569,222,8.34,6.41,zone4,60.01
1775533284.26,CAM_001,Av. Javier Prado,26,2,3,0,31,0.0289,31,16.43,0.77,zone1,60.02
1775533284.26,CAM_002,Av. Arequipa,108,6,14,0,128,0.1088,128,3.68,7.25,zone2,60.02
1775533284.26,CAM_003,Av. Salaverry,108,6,14,0,128,0.1088,128,3.68,7.25,zone3,60.02
1775533284.26,CAM_004,Av. Petit Thouars,108,6,14,0,128,0.1088,128,3.68,7.25,zone4,60.02
1775533344.30,CAM_001,Av. Javier Prado,112,6,10,0,128,0.1215,128,20.54,3.11,zone1,60.04
1775533344.30,CAM_002,Av. Arequipa,287,7,14,1,309,0.1035,309,12.12,9.63,zone2,60.04
1775533344.30,CAM_003,Av. Salaverry,287,7,14,1,309,0.1035,309,12.12,9.63,zone3,60.04
1775533344.30,CAM_004,Av. Petit Thouars,287,7,14,1,309,0.1035,309,12.12,9.63,zone4,60.04
1775533404.31,CAM_001,Av. Javier Prado,4,2,3,0,9,0.0089,9,3.30,0.21,zone1,60.01
1775533404.31,CAM_002,Av. Arequipa,101,17,13,0,131,0.0401,131,2.74,4.46,zone2,60.01
1775533404.31,CAM_003,Av. Salaverry,101,17,13,0,131,0.0401,131,2.74,4.46,zone3,60.01
1775533404.31,CAM_004,Av. Petit Thouars,101,17,13,0,131,0.0401,131,2.74,4.46,zone4,60.01
1775533464.31,CAM_001,Av. Javier Prado,74,5,15,0,94,0.0869,94,22.23,2.14,zone1,60.00
1775533464.31,CAM_002,Av. Arequipa,207,4,24,4,239,0.0794,239,12.42,7.43,zone2,60.00
1775533464.31,CAM_003,Av. Salaverry,207,4,24,4,239,0.0794,239,12.42,7.43,zone3,60.00
1775533464.31,CAM_004,Av. Petit Thouars,207,4,24,4,239,0.0794,239,12.42,7.43,zone4,60.00
1775533524.34,CAM_001,Av. Javier Prado,29,0,8,0,37,0.0242,37,38.13,0.54,zone1,60.03
1775533524.34,CAM_002,Av. Arequipa,120,2,16,1,139,0.0291,139,12.14,4.06,zone2,60.03
1775533524.34,CAM_003,Av. Salaverry,120,2,16,1,139,0.0291,139,12.14,4.06,zone3,60.03
1775533524.34,CAM_004,Av. Petit Thouars,120,2,16,1,139,0.0291,139,12.14,4.06,zone4,60.03
1775533584.36,CAM_001,Av. Javier Prado,47,3,7,0,57,0.0544,57,22.19,1.25,zone1,60.02
1775533584.36,CAM_002,Av. Arequipa,166,9,20,1,196,0.0533,196,9.73,5.80,zone2,60.02
1775533584.36,CAM_003,Av. Salaverry,166,9,20,1,196,0.0533,196,9.73,5.80,zone3,60.02
1775533584.36,CAM_004,Av. Petit Thouars,166,9,20,1,196,0.0533,196,9.73,5.80,zone4,60.02
1775533644.36,CAM_001,Av. Javier Prado,50,9,7,2,68,0.0445,68,31.99,1.09,zone1,60.00
1775533644.36,CAM_002,Av. Arequipa,179,18,18,13,228,0.0522,228,12.86,5.69,zone2,60.00
1775533644.36,CAM_003,Av. Salaverry,179,18,18,13,228,0.0522,228,12.86,5.69,zone3,60.00
1775533644.36,CAM_004,Av. Petit Thouars,179,18,18,13,228,0.0522,228,12.86,5.69,zone4,60.00
1775533704.38,CAM_001,Av. Javier Prado,19,0,6,0,25,0.0230,25,16.44,0.64,zone1,60.02
1775533704.38,CAM_002,Av. Arequipa,117,3,9,0,129,0.0333,129,4.72,5.55,zone2,60.02
1775533704.38,CAM_003,Av. Salaverry,117,3,9,0,129,0.0333,129,4.72,5.55,zone3,60.02
1775533704.38,CAM_004,Av. Petit Thouars,117,3,9,0,129,0.0333,129,4.72,5.55,zone4,60.02
1775533764.40,CAM_001,Av. Javier Prado,71,4,6,0,81,0.0564,81,26.86,1.66,zone1,60.02
1775533764.40,CAM_002,Av. Arequipa,246,11,29,1,287,0.1057,287,11.01,7.87,zone2,60.02
1775533764.40,CAM_003,Av. Salaverry,246,11,29,1,287,0.1057,287,11.01,7.87,zone3,60.02
1775533764.40,CAM_004,Av. Petit Thouars,246,11,29,1,287,0.1057,287,11.01,7.87,zone4,60.02
1775533824.42,CAM_001,Av. Javier Prado,4,1,0,0,5,0.0022,5,33.77,0.04,zone1,60.02
1775533824.42,CAM_002,Av. Arequipa,90,10,3,2,105,0.0236,105,2.46,4.35,zone2,60.02
1775533824.42,CAM_003,Av. Salaverry,90,10,3,2,105,0.0236,105,2.46,4.35,zone3,60.02
1775533824.42,CAM_004,Av. Petit Thouars,90,10,3,2,105,0.0236,105,2.46,4.35,zone4,60.02
1775533884.43,CAM_001,Av. Javier Prado,64,6,11,0,81,0.0748,81,27.05,1.48,zone1,60.01
1775533884.43,CAM_002,Av. Arequipa,197,18,18,1,234,0.0686,234,10.88,6.79,zone2,60.01
1775533884.43,CAM_003,Av. Salaverry,197,18,18,1,234,0.0686,234,10.88,6.79,zone3,60.01
1775533884.43,CAM_004,Av. Petit Thouars,197,18,18,1,234,0.0686,234,10.88,6.79,zone4,60.01
1775533944.46,CAM_001,Av. Javier Prado,38,0,7,0,45,0.0253,45,38.29,0.70,zone1,60.03
1775533944.46,CAM_002,Av. Arequipa,164,4,12,3,183,0.0448,183,10.41,5.34,zone2,60.03
1775533944.46,CAM_003,Av. Salaverry,164,4,12,3,183,0.0448,183,10.41,5.34,zone3,60.03
1775533944.46,CAM_004,Av. Petit Thouars,164,4,12,3,183,0.0448,183,10.41,5.34,zone4,60.03
1775534004.50,CAM_001,Av. Javier Prado,41,7,4,0,52,0.0558,52,26.95,1.07,zone1,60.04
1775534004.50,CAM_002,Av. Arequipa,160,17,12,3,192,0.0668,192,9.03,6.23,zone2,60.04
1775534004.50,CAM_003,Av. Salaverry,160,17,12,3,192,0.0668,192,9.03,6.23,zone3,60.04
1775534004.50,CAM_004,Av. Petit Thouars,160,17,12,3,192,0.0668,192,9.03,6.23,zone4,60.04
1775534064.52,CAM_001,Av. Javier Prado,32,2,4,1,39,0.0251,39,36.06,0.69,zone1,60.02
1775534064.52,CAM_002,Av. Arequipa,150,4,7,8,169,0.0281,169,11.67,4.23,zone2,60.02
1775534064.52,CAM_003,Av. Salaverry,150,4,7,8,169,0.0281,169,11.67,4.23,zone3,60.02
1775534064.52,CAM_004,Av. Petit Thouars,150,4,7,8,169,0.0281,169,11.67,4.23,zone4,60.02
1775534124.55,CAM_001,Av. Javier Prado,16,3,0,0,19,0.0471,19,18.93,0.62,zone1,60.03
1775534124.55,CAM_002,Av. Arequipa,82,20,11,3,116,0.0781,116,4.39,5.91,zone2,60.03
1775534124.55,CAM_003,Av. Salaverry,82,20,11,3,116,0.0781,116,4.39,5.91,zone3,60.03
1775534124.55,CAM_004,Av. Petit Thouars,82,20,11,3,116,0.0781,116,4.39,5.91,zone4,60.03
1775534184.56,CAM_001,Av. Javier Prado,68,2,12,0,82,0.0473,82,27.84,1.51,zone1,60.00
1775534184.56,CAM_002,Av. Arequipa,263,6,16,0,285,0.0625,285,10.70,7.76,zone2,60.00
1775534184.56,CAM_003,Av. Salaverry,263,6,16,0,285,0.0625,285,10.70,7.76,zone3,60.00
1775534184.56,CAM_004,Av. Petit Thouars,263,6,16,0,285,0.0625,285,10.70,7.76,zone4,60.00
1775534244.59,CAM_001,Av. Javier Prado,10,0,0,0,10,0.0049,10,28.38,0.14,zone1,60.03
1775534244.59,CAM_002,Av. Arequipa,93,0,2,0,95,0.0270,95,3.15,5.52,zone2,60.03
1775534244.59,CAM_003,Av. Salaverry,93,0,2,0,95,0.0270,95,3.15,5.52,zone3,60.03
1775534244.59,CAM_004,Av. Petit Thouars,93,0,2,0,95,0.0270,95,3.15,5.52,zone4,60.03
1775534304.64,CAM_001,Av. Javier Prado,43,1,2,1,47,0.0457,47,23.16,1.17,zone1,60.05
1775534304.64,CAM_002,Av. Arequipa,147,1,2,4,154,0.0438,154,7.66,6.72,zone2,60.05
1775534304.64,CAM_003,Av. Salaverry,147,1,2,4,154,0.0438,154,7.66,6.72,zone3,60.05
1775534304.64,CAM_004,Av. Petit Thouars,147,1,2,4,154,0.0438,154,7.66,6.72,zone4,60.05
1775534364.67,CAM_001,Av. Javier Prado,25,0,1,0,26,0.0155,26,31.37,0.44,zone1,60.03
1775534364.67,CAM_002,Av. Arequipa,125,7,12,0,144,0.0516,144,5.85,6.22,zone2,60.03
1775534364.67,CAM_003,Av. Salaverry,125,7,12,0,144,0.0516,144,5.85,6.22,zone3,60.03
1775534364.67,CAM_004,Av. Petit Thouars,125,7,12,0,144,0.0516,144,5.85,6.22,zone4,60.03
1775534424.72,CAM_001,Av. Javier Prado,61,1,15,0,77,0.0895,77,19.66,2.11,zone1,60.05
1775534424.72,CAM_002,Av. Arequipa,209,8,32,3,252,0.0977,252,9.02,8.74,zone2,60.05
1775534424.72,CAM_003,Av. Salaverry,209,8,32,3,252,0.0977,252,9.02,8.74,zone3,60.05
1775534424.72,CAM_004,Av. Petit Thouars,209,8,32,3,252,0.0977,252,9.02,8.74,zone4,60.05
1775534484.74,CAM_001,Av. Javier Prado,33,3,3,0,39,0.0228,39,28.48,0.63,zone1,60.03
1775534484.74,CAM_002,Av. Arequipa,170,4,9,0,183,0.0370,183,9.54,4.61,zone2,60.03
1775534484.74,CAM_003,Av. Salaverry,170,4,9,0,183,0.0370,183,9.54,4.61,zone3,60.03
1775534484.74,CAM_004,Av. Petit Thouars,170,4,9,0,183,0.0370,183,9.54,4.61,zone4,60.03
1775534544.77,CAM_001,Av. Javier Prado,5,0,2,0,7,0.0078,7,16.42,0.18,zone1,60.03
1775534544.77,CAM_002,Av. Arequipa,62,3,4,0,69,0.0255,69,5.13,2.98,zone2,60.03
1775534544.77,CAM_003,Av. Salaverry,62,3,4,0,69,0.0255,69,5.13,2.98,zone3,60.03
1775534544.77,CAM_004,Av. Petit Thouars,62,3,4,0,69,0.0255,69,5.13,2.98,zone4,60.03
1775534604.79,CAM_001,Av. Javier Prado,74,6,11,1,92,0.0868,92,23.83,2.12,zone1,60.01
1775534604.79,CAM_002,Av. Arequipa,247,11,24,1,283,0.0832,283,11.40,8.02,zone2,60.01
1775534604.79,CAM_003,Av. Salaverry,247,11,24,1,283,0.0832,283,11.40,8.02,zone3,60.01
1775534604.79,CAM_004,Av. Petit Thouars,247,11,24,1,283,0.0832,283,11.40,8.02,zone4,60.01
1775534664.81,CAM_001,Av. Javier Prado,5,0,0,0,5,0.0021,5,31.84,0.06,zone1,60.02
1775534664.81,CAM_002,Av. Arequipa,45,18,6,3,72,0.0457,72,5.19,2.57,zone2,60.02
1775534664.81,CAM_003,Av. Salaverry,45,18,6,3,72,0.0457,72,5.19,2.57,zone3,60.02
1775534664.81,CAM_004,Av. Petit Thouars,45,18,6,3,72,0.0457,72,5.19,2.57,zone4,60.02
1775534724.82,CAM_001,Av. Javier Prado,66,3,6,0,75,0.0841,75,22.38,1.95,zone1,60.01
1775534724.82,CAM_002,Av. Arequipa,198,26,25,0,249,0.0932,249,10.50,7.53,zone2,60.01
1775534724.82,CAM_003,Av. Salaverry,198,26,25,0,249,0.0932,249,10.50,7.53,zone3,60.01
1775534724.82,CAM_004,Av. Petit Thouars,198,26,25,0,249,0.0932,249,10.50,7.53,zone4,60.01
1775534784.85,CAM_001,Av. Javier Prado,42,0,2,1,45,0.0323,45,27.93,0.99,zone1,60.03
1775534784.85,CAM_002,Av. Arequipa,122,3,7,1,133,0.0385,133,10.32,5.48,zone2,60.03
1775534784.85,CAM_003,Av. Salaverry,122,3,7,1,133,0.0385,133,10.32,5.48,zone3,60.03
1775534784.85,CAM_004,Av. Petit Thouars,122,3,7,1,133,0.0385,133,10.32,5.48,zone4,60.03
1775534844.85,CAM_001,Av. Javier Prado,54,10,5,0,69,0.0769,69,15.69,1.56,zone1,60.01
1775534844.85,CAM_002,Av. Arequipa,166,9,8,2,185,0.0764,185,6.86,7.10,zone2,60.01
1775534844.85,CAM_003,Av. Salaverry,166,9,8,2,185,0.0764,185,6.86,7.10,zone3,60.01
1775534844.85,CAM_004,Av. Petit Thouars,166,9,8,2,185,0.0764,185,6.86,7.10,zone4,60.01
1775534904.88,CAM_001,Av. Javier Prado,52,1,3,1,57,0.0380,57,28.88,1.15,zone1,60.03
1775534904.88,CAM_002,Av. Arequipa,149,3,12,7,171,0.0524,171,11.93,5.13,zone2,60.03
1775534904.88,CAM_003,Av. Salaverry,149,3,12,7,171,0.0524,171,11.93,5.13,zone3,60.03
1775534904.88,CAM_004,Av. Petit Thouars,149,3,12,7,171,0.0524,171,11.93,5.13,zone4,60.03
1775534964.92,CAM_001,Av. Javier Prado,11,3,1,0,15,0.0253,15,11.14,0.46,zone1,60.04
1775534964.92,CAM_002,Av. Arequipa,116,15,12,0,143,0.0529,143,2.88,7.52,zone2,60.04
1775534964.92,CAM_003,Av. Salaverry,116,15,12,0,143,0.0529,143,2.88,7.52,zone3,60.04
1775534964.92,CAM_004,Av. Petit Thouars,116,15,12,0,143,0.0529,143,2.88,7.52,zone4,60.04
1775535024.95,CAM_001,Av. Javier Prado,92,10,22,0,124,0.1063,124,23.30,2.27,zone1,60.03
1775535024.95,CAM_002,Av. Arequipa,256,13,44,1,314,0.1236,314,12.16,8.26,zone2,60.03
1775535024.95,CAM_003,Av. Salaverry,256,13,44,1,314,0.1236,314,12.16,8.26,zone3,60.03
1775535024.95,CAM_004,Av. Petit Thouars,256,13,44,1,314,0.1236,314,12.16,8.26,zone4,60.03
1775535084.98,CAM_001,Av. Javier Prado,12,2,2,0,16,0.0101,16,21.21,0.31,zone1,60.03
1775535084.98,CAM_002,Av. Arequipa,81,13,2,0,96,0.0675,96,4.21,4.38,zone2,60.03
1775535084.98,CAM_003,Av. Salaverry,81,13,2,0,96,0.0675,96,4.21,4.38,zone3,60.03
1775535084.98,CAM_004,Av. Petit Thouars,81,13,2,0,96,0.0675,96,4.21,4.38,zone4,60.03
1775535144.98,CAM_001,Av. Javier Prado,68,4,10,0,82,0.0820,82,20.41,1.84,zone1,60.00
1775535144.98,CAM_002,Av. Arequipa,214,17,47,2,280,0.1489,280,9.06,7.88,zone2,60.00
1775535144.98,CAM_003,Av. Salaverry,214,17,47,2,280,0.1489,280,9.06,7.88,zone3,60.00
1775535144.98,CAM_004,Av. Petit Thouars,214,17,47,2,280,0.1489,280,9.06,7.88,zone4,60.00
1775535204.99,CAM_001,Av. Javier Prado,28,6,4,0,38,0.0249,38,36.60,0.58,zone1,60.01
1775535204.99,CAM_002,Av. Arequipa,118,6,12,2,138,0.0314,138,9.41,4.68,zone2,60.01
1775535204.99,CAM_003,Av. Salaverry,118,6,12,2,138,0.0314,138,9.41,4.68,zone3,60.01
1775535204.99,CAM_004,Av. Petit Thouars,118,6,12,2,138,0.0314,138,9.41,4.68,zone4,60.01
1775535265.00,CAM_001,Av. Javier Prado,58,1,2,1,62,0.0543,62,17.90,1.61,zone1,60.01
1775535265.00,CAM_002,Av. Arequipa,158,2,5,1,166,0.0565,166,8.22,6.06,zone2,60.01
1775535265.00,CAM_003,Av. Salaverry,158,2,5,1,166,0.0565,166,8.22,6.06,zone3,60.01
1775535265.00,CAM_004,Av. Petit Thouars,158,2,5,1,166,0.0565,166,8.22,6.06,zone4,60.01
1775535325.04,CAM_001,Av. Javier Prado,70,5,13,0,88,0.0722,88,18.76,2.26,zone1,60.04
1775535325.04,CAM_002,Av. Arequipa,200,6,17,0,223,0.0685,223,10.65,7.21,zone2,60.04
1775535325.04,CAM_003,Av. Salaverry,200,6,17,0,223,0.0685,223,10.65,7.21,zone3,60.04
1775535325.04,CAM_004,Av. Petit Thouars,200,6,17,0,223,0.0685,223,10.65,7.21,zone4,60.04
1775535385.04,CAM_001,Av. Javier Prado,22,0,2,0,24,0.0239,24,11.47,0.91,zone1,60.00
1775535385.04,CAM_002,Av. Arequipa,105,2,3,0,110,0.0428,110,3.93,5.61,zone2,60.00
1775535385.04,CAM_003,Av. Salaverry,105,2,3,0,110,0.0428,110,3.93,5.61,zone3,60.00
1775535385.04,CAM_004,Av. Petit Thouars,105,2,3,0,110,0.0428,110,3.93,5.61,zone4,60.00
1775535445.07,CAM_001,Av. Javier Prado,94,8,16,1,119,0.1023,119,22.41,2.50,zone1,60.03
1775535445.07,CAM_002,Av. Arequipa,244,12,33,1,290,0.1039,290,12.13,8.72,zone2,60.03
1775535445.07,CAM_003,Av. Salaverry,244,12,33,1,290,0.1039,290,12.13,8.72,zone3,60.03
1775535445.07,CAM_004,Av. Petit Thouars,244,12,33,1,290,0.1039,290,12.13,8.72,zone4,60.03
1775535505.08,CAM_001,Av. Javier Prado,18,0,0,0,18,0.0181,18,24.41,0.51,zone1,60.01
1775535505.08,CAM_002,Av. Arequipa,110,4,3,0,117,0.0405,117,6.26,5.69,zone2,60.01
1775535505.08,CAM_003,Av. Salaverry,110,4,3,0,117,0.0405,117,6.26,5.69,zone3,60.01
1775535505.08,CAM_004,Av. Petit Thouars,110,4,3,0,117,0.0405,117,6.26,5.69,zone4,60.01
1775535565.12,CAM_001,Av. Javier Prado,70,2,7,0,79,0.0593,79,19.39,1.93,zone1,60.04
1775535565.12,CAM_002,Av. Arequipa,211,7,13,1,232,0.0559,232,10.91,6.44,zone2,60.04
1775535565.12,CAM_003,Av. Salaverry,211,7,13,1,232,0.0559,232,10.91,6.44,zone3,60.04
1775535565.12,CAM_004,Av. Petit Thouars,211,7,13,1,232,0.0559,232,10.91,6.44,zone4,60.04
1775535625.15,CAM_001,Av. Javier Prado,37,5,11,0,53,0.0285,53,31.06,0.68,zone1,60.03
1775535625.15,CAM_002,Av. Arequipa,132,13,15,3,163,0.0402,163,11.17,4.19,zone2,60.03
1775535625.15,CAM_003,Av. Salaverry,132,13,15,3,163,0.0402,163,11.17,4.19,zone3,60.03
1775535625.15,CAM_004,Av. Petit Thouars,132,13,15,3,163,0.0402,163,11.17,4.19,zone4,60.03
1775535685.16,CAM_001,Av. Javier Prado,41,5,9,0,55,0.0543,55,17.19,1.30,zone1,60.01
1775535685.16,CAM_002,Av. Arequipa,158,14,30,0,202,0.0662,202,7.16,6.46,zone2,60.01
1775535685.16,CAM_003,Av. Salaverry,158,14,30,0,202,0.0662,202,7.16,6.46,zone3,60.01
1775535685.16,CAM_004,Av. Petit Thouars,158,14,30,0,202,0.0662,202,7.16,6.46,zone4,60.01
1775535745.19,CAM_001,Av. Javier Prado,44,3,5,0,52,0.0331,52,31.64,0.89,zone1,60.03
1775535745.19,CAM_002,Av. Arequipa,157,6,14,1,178,0.0377,178,12.95,4.39,zone2,60.03
1775535745.19,CAM_003,Av. Salaverry,157,6,14,1,178,0.0377,178,12.95,4.39,zone3,60.03
1775535745.19,CAM_004,Av. Petit Thouars,157,6,14,1,178,0.0377,178,12.95,4.39,zone4,60.03
1775535805.21,CAM_001,Av. Javier Prado,17,2,4,0,23,0.0159,23,17.69,0.48,zone1,60.02
1775535805.21,CAM_002,Av. Arequipa,112,1,5,2,120,0.0334,120,4.42,5.60,zone2,60.02
1775535805.21,CAM_003,Av. Salaverry,112,1,5,2,120,0.0334,120,4.42,5.60,zone3,60.02
1775535805.21,CAM_004,Av. Petit Thouars,112,1,5,2,120,0.0334,120,4.42,5.60,zone4,60.02
1775535865.23,CAM_001,Av. Javier Prado,89,6,10,1,106,0.0989,106,23.12,2.35,zone1,60.02
1775535865.23,CAM_002,Av. Arequipa,226,11,16,1,254,0.0920,254,12.20,8.18,zone2,60.02
1775535865.23,CAM_003,Av. Salaverry,226,11,16,1,254,0.0920,254,12.20,8.18,zone3,60.02
1775535865.23,CAM_004,Av. Petit Thouars,226,11,16,1,254,0.0920,254,12.20,8.18,zone4,60.02
1775535925.23,CAM_001,Av. Javier Prado,13,1,0,1,15,0.0095,15,16.77,0.38,zone1,60.00
1775535925.23,CAM_002,Av. Arequipa,93,1,0,9,103,0.0288,103,4.00,4.87,zone2,60.00
1775535925.23,CAM_003,Av. Salaverry,93,1,0,9,103,0.0288,103,4.00,4.87,zone3,60.00
1775535925.23,CAM_004,Av. Petit Thouars,93,1,0,9,103,0.0288,103,4.00,4.87,zone4,60.00
1775535985.26,CAM_001,Av. Javier Prado,75,6,8,0,89,0.0878,89,19.65,2.32,zone1,60.03
1775535985.26,CAM_002,Av. Arequipa,201,8,11,0,220,0.0769,220,11.27,7.22,zone2,60.03
1775535985.26,CAM_003,Av. Salaverry,201,8,11,0,220,0.0769,220,11.27,7.22,zone3,60.03
1775535985.26,CAM_004,Av. Petit Thouars,201,8,11,0,220,0.0769,220,11.27,7.22,zone4,60.03
1775536045.27,CAM_001,Av. Javier Prado,54,2,6,0,62,0.0428,62,18.72,1.47,zone1,60.01
1775536045.27,CAM_002,Av. Arequipa,186,8,19,0,213,0.0553,213,10.74,5.99,zone2,60.01
1775536045.27,CAM_003,Av. Salaverry,186,8,19,0,213,0.0553,213,10.74,5.99,zone3,60.01
1775536045.27,CAM_004,Av. Petit Thouars,186,8,19,0,213,0.0553,213,10.74,5.99,zone4,60.01
1775536105.30,CAM_001,Av. Javier Prado,49,0,5,2,56,0.0518,56,15.31,1.63,zone1,60.03
1775536105.30,CAM_002,Av. Arequipa,164,2,5,5,176,0.0613,176,7.99,6.20,zone2,60.03
1775536105.30,CAM_003,Av. Salaverry,164,2,5,5,176,0.0613,176,7.99,6.20,zone3,60.03
1775536105.30,CAM_004,Av. Petit Thouars,164,2,5,5,176,0.0613,176,7.99,6.20,zone4,60.03
1775536165.30,CAM_001,Av. Javier Prado,64,2,8,0,74,0.0457,74,17.16,1.56,zone1,60.00
1775536165.30,CAM_002,Av. Arequipa,221,5,11,3,240,0.0460,240,8.24,6.33,zone2,60.00
1775536165.30,CAM_003,Av. Salaverry,221,5,11,3,240,0.0460,240,8.24,6.33,zone3,60.00
1775536165.30,CAM_004,Av. Petit Thouars,221,5,11,3,240,0.0460,240,8.24,6.33,zone4,60.00
1775536225.32,CAM_001,Av. Javier Prado,16,1,1,0,18,0.0213,18,7.43,0.81,zone1,60.02
1775536225.32,CAM_002,Av. Arequipa,121,5,4,2,132,0.0423,132,3.10,6.60,zone2,60.02
1775536225.32,CAM_003,Av. Salaverry,121,5,4,2,132,0.0423,132,3.10,6.60,zone3,60.02
1775536225.32,CAM_004,Av. Petit Thouars,121,5,4,2,132,0.0423,132,3.10,6.60,zone4,60.02
1775536285.34,CAM_001,Av. Javier Prado,69,5,8,0,82,0.0787,82,19.75,1.77,zone1,60.02
1775536285.34,CAM_002,Av. Arequipa,209,10,16,1,236,0.0720,236,9.20,7.73,zone2,60.02
1775536285.34,CAM_003,Av. Salaverry,209,10,16,1,236,0.0720,236,9.20,7.73,zone3,60.02
1775536285.34,CAM_004,Av. Petit Thouars,209,10,16,1,236,0.0720,236,9.20,7.73,zone4,60.02
1775536345.34,CAM_001,Av. Javier Prado,15,1,2,1,19,0.0106,19,31.21,0.26,zone1,60.01
1775536345.34,CAM_002,Av. Arequipa,102,5,4,2,113,0.0267,113,5.76,4.16,zone2,60.01
1775536345.34,CAM_003,Av. Salaverry,102,5,4,2,113,0.0267,113,5.76,4.16,zone3,60.01
1775536345.34,CAM_004,Av. Petit Thouars,102,5,4,2,113,0.0267,113,5.76,4.16,zone4,60.01
1775536405.37,CAM_001,Av. Javier Prado,60,3,5,1,69,0.0921,69,21.34,1.68,zone1,60.03
1775536405.37,CAM_002,Av. Arequipa,245,10,7,1,263,0.0942,263,8.69,8.28,zone2,60.03
1775536405.37,CAM_003,Av. Salaverry,245,10,7,1,263,0.0942,263,8.69,8.28,zone3,60.03
1775536405.37,CAM_004,Av. Petit Thouars,245,10,7,1,263,0.0942,263,8.69,8.28,zone4,60.03
1775536465.38,CAM_001,Av. Javier Prado,28,6,4,0,38,0.0239,38,28.78,0.73,zone1,60.01
1775536465.38,CAM_002,Av. Arequipa,153,6,6,0,165,0.0353,165,8.90,5.46,zone2,60.01
1775536465.38,CAM_003,Av. Salaverry,153,6,6,0,165,0.0353,165,8.90,5.46,zone3,60.01
1775536465.38,CAM_004,Av. Petit Thouars,153,6,6,0,165,0.0353,165,8.90,5.46,zone4,60.01
1775536525.38,CAM_001,Av. Javier Prado,50,0,11,0,61,0.0595,61,18.21,1.57,zone1,60.00
1775536525.38,CAM_002,Av. Arequipa,177,5,13,2,197,0.0813,197,7.81,7.46,zone2,60.00
1775536525.38,CAM_003,Av. Salaverry,177,5,13,2,197,0.0813,197,7.81,7.46,zone3,60.00
1775536525.38,CAM_004,Av. Petit Thouars,177,5,13,2,197,0.0813,197,7.81,7.46,zone4,60.00
1775536585.40,CAM_001,Av. Javier Prado,61,5,10,0,76,0.0572,76,29.79,1.44,zone1,60.02
1775536585.40,CAM_002,Av. Arequipa,212,10,20,0,242,0.0830,242,11.53,6.83,zone2,60.02
1775536585.40,CAM_003,Av. Salaverry,212,10,20,0,242,0.0830,242,11.53,6.83,zone3,60.02
1775536585.40,CAM_004,Av. Petit Thouars,212,10,20,0,242,0.0830,242,11.53,6.83,zone4,60.02
1775536645.42,CAM_001,Av. Javier Prado,11,0,0,0,11,0.0057,11,13.50,0.26,zone1,60.01
1775536645.42,CAM_002,Av. Arequipa,111,2,0,0,113,0.0337,113,3.13,6.01,zone2,60.01
1775536645.42,CAM_003,Av. Salaverry,111,2,0,0,113,0.0337,113,3.13,6.01,zone3,60.01
1775536645.42,CAM_004,Av. Petit Thouars,111,2,0,0,113,0.0337,113,3.13,6.01,zone4,60.01
1775536705.44,CAM_001,Av. Javier Prado,69,3,10,0,82,0.0727,82,33.62,1.43,zone1,60.03
1775536705.44,CAM_002,Av. Arequipa,184,6,15,0,205,0.0934,205,11.99,7.08,zone2,60.03
1775536705.44,CAM_003,Av. Salaverry,184,6,15,0,205,0.0934,205,11.99,7.08,zone3,60.03
1775536705.44,CAM_004,Av. Petit Thouars,184,6,15,0,205,0.0934,205,11.99,7.08,zone4,60.03
1775536765.45,CAM_001,Av. Javier Prado,10,2,2,1,15,0.0109,15,19.60,0.22,zone1,60.01
1775536765.45,CAM_002,Av. Arequipa,94,3,6,5,108,0.0536,108,3.02,4.64,zone2,60.01
1775536765.45,CAM_003,Av. Salaverry,94,3,6,5,108,0.0536,108,3.02,4.64,zone3,60.01
1775536765.45,CAM_004,Av. Petit Thouars,94,3,6,5,108,0.0536,108,3.02,4.64,zone4,60.01
1775536825.49,CAM_001,Av. Javier Prado,81,6,11,1,99,0.1117,99,20.65,2.14,zone1,60.03
1775536825.49,CAM_002,Av. Arequipa,225,12,21,4,262,0.1016,262,9.66,8.07,zone2,60.03
1775536825.49,CAM_003,Av. Salaverry,225,12,21,4,262,0.1016,262,9.66,8.07,zone3,60.03
1775536825.49,CAM_004,Av. Petit Thouars,225,12,21,4,262,0.1016,262,9.66,8.07,zone4,60.03
1775536885.51,CAM_001,Av. Javier Prado,21,4,5,0,30,0.0276,30,32.68,0.62,zone1,60.02
1775536885.51,CAM_002,Av. Arequipa,137,10,17,1,165,0.0382,165,8.45,5.35,zone2,60.02
1775536885.51,CAM_003,Av. Salaverry,137,10,17,1,165,0.0382,165,8.45,5.35,zone3,60.02
1775536885.51,CAM_004,Av. Petit Thouars,137,10,17,1,165,0.0382,165,8.45,5.35,zone4,60.02
1775536945.53,CAM_001,Av. Javier Prado,46,3,1,0,50,0.0585,50,19.27,1.24,zone1,60.01
1775536945.53,CAM_002,Av. Arequipa,155,3,2,0,160,0.0658,160,8.27,6.52,zone2,60.01
1775536945.53,CAM_003,Av. Salaverry,155,3,2,0,160,0.0658,160,8.27,6.52,zone3,60.01
1775536945.53,CAM_004,Av. Petit Thouars,155,3,2,0,160,0.0658,160,8.27,6.52,zone4,60.01
1775537005.53,CAM_001,Av. Javier Prado,53,11,17,0,81,0.0586,81,32.14,1.27,zone1,60.01
1775537005.53,CAM_002,Av. Arequipa,186,15,25,0,226,0.0575,226,14.41,4.99,zone2,60.01
1775537005.53,CAM_003,Av. Salaverry,186,15,25,0,226,0.0575,226,14.41,4.99,zone3,60.01
1775537005.53,CAM_004,Av. Petit Thouars,186,15,25,0,226,0.0575,226,14.41,4.99,zone4,60.01
1775537065.56,CAM_001,Av. Javier Prado,10,5,1,1,17,0.0115,17,9.82,0.44,zone1,60.03
1775537065.56,CAM_002,Av. Arequipa,145,16,1,1,163,0.0583,163,3.12,7.63,zone2,60.03
1775537065.56,CAM_003,Av. Salaverry,145,16,1,1,163,0.0583,163,3.12,7.63,zone3,60.03
1775537065.56,CAM_004,Av. Petit Thouars,145,16,1,1,163,0.0583,163,3.12,7.63,zone4,60.03
1775537125.58,CAM_001,Av. Javier Prado,95,5,13,2,115,0.1173,115,23.43,2.40,zone1,60.02
1775537125.58,CAM_002,Av. Arequipa,279,5,18,2,304,0.0965,304,10.92,9.58,zone2,60.02
1775537125.58,CAM_003,Av. Salaverry,279,5,18,2,304,0.0965,304,10.92,9.58,zone3,60.02
1775537125.58,CAM_004,Av. Petit Thouars,279,5,18,2,304,0.0965,304,10.92,9.58,zone4,60.02
1775537185.60,CAM_001,Av. Javier Prado,11,1,0,0,12,0.0073,12,22.37,0.22,zone1,60.01
1775537185.60,CAM_002,Av. Arequipa,82,7,4,0,93,0.0402,93,3.65,4.76,zone2,60.01
1775537185.60,CAM_003,Av. Salaverry,82,7,4,0,93,0.0402,93,3.65,4.76,zone3,60.01
1775537185.60,CAM_004,Av. Petit Thouars,82,7,4,0,93,0.0402,93,3.65,4.76,zone4,60.01
1775537245.61,CAM_001,Av. Javier Prado,66,3,15,0,84,0.1066,84,17.23,2.58,zone1,60.02
1775537245.61,CAM_002,Av. Arequipa,239,17,25,2,283,0.1026,283,9.15,8.87,zone2,60.02
1775537245.61,CAM_003,Av. Salaverry,239,17,25,2,283,0.1026,283,9.15,8.87,zone3,60.02
1775537245.61,CAM_004,Av. Petit Thouars,239,17,25,2,283,0.1026,283,9.15,8.87,zone4,60.02
1775537305.63,CAM_001,Av. Javier Prado,30,1,1,0,32,0.0194,32,28.13,0.56,zone1,60.02
1775537305.63,CAM_002,Av. Arequipa,138,1,4,1,144,0.0292,144,6.28,5.40,zone2,60.02
1775537305.63,CAM_003,Av. Salaverry,138,1,4,1,144,0.0292,144,6.28,5.40,zone3,60.02
1775537305.63,CAM_004,Av. Petit Thouars,138,1,4,1,144,0.0292,144,6.28,5.40,zone4,60.02
1775537365.65,CAM_001,Av. Javier Prado,42,7,7,0,56,0.1153,56,16.24,1.98,zone1,60.02
1775537365.65,CAM_002,Av. Arequipa,134,14,6,0,154,0.0915,154,7.03,7.73,zone2,60.02
1775537365.65,CAM_003,Av. Salaverry,134,14,6,0,154,0.0915,154,7.03,7.73,zone3,60.02
1775537365.65,CAM_004,Av. Petit Thouars,134,14,6,0,154,0.0915,154,7.03,7.73,zone4,60.02
1775537425.65,CAM_001,Av. Javier Prado,63,5,16,1,85,0.0570,85,26.14,1.48,zone1,60.00
1775537425.65,CAM_002,Av. Arequipa,220,8,20,3,251,0.0567,251,11.65,6.30,zone2,60.00
1775537425.65,CAM_003,Av. Salaverry,220,8,20,3,251,0.0567,251,11.65,6.30,zone3,60.00
1775537425.65,CAM_004,Av. Petit Thouars,220,8,20,3,251,0.0567,251,11.65,6.30,zone4,60.00
1775537485.67,CAM_001,Av. Javier Prado,11,0,0,0,11,0.0083,11,11.10,0.34,zone1,60.02
1775537485.67,CAM_002,Av. Arequipa,105,4,0,0,109,0.0314,109,3.75,4.72,zone2,60.02
1775537485.67,CAM_003,Av. Salaverry,105,4,0,0,109,0.0314,109,3.75,4.72,zone3,60.02
1775537485.67,CAM_004,Av. Petit Thouars,105,4,0,0,109,0.0314,109,3.75,4.72,zone4,60.02
1775537545.69,CAM_001,Av. Javier Prado,82,3,13,0,98,0.1086,98,24.37,2.22,zone1,60.02
1775537545.69,CAM_002,Av. Arequipa,264,3,16,0,283,0.0956,283,10.77,9.04,zone2,60.02
1775537545.69,CAM_003,Av. Salaverry,264,3,16,0,283,0.0956,283,10.77,9.04,zone3,60.02
1775537545.69,CAM_004,Av. Petit Thouars,264,3,16,0,283,0.0956,283,10.77,9.04,zone4,60.02
1775537605.71,CAM_001,Av. Javier Prado,5,1,1,0,7,0.0056,7,34.33,0.11,zone1,60.02
1775537605.71,CAM_002,Av. Arequipa,89,1,1,0,91,0.0233,91,4.03,4.11,zone2,60.02
1775537605.71,CAM_003,Av. Salaverry,89,1,1,0,91,0.0233,91,4.03,4.11,zone3,60.02
1775537605.71,CAM_004,Av. Petit Thouars,89,1,1,0,91,0.0233,91,4.03,4.11,zone4,60.02
1775537665.74,CAM_001,Av. Javier Prado,73,5,10,3,91,0.0827,91,23.31,2.10,zone1,60.03
1775537665.74,CAM_002,Av. Arequipa,216,11,13,3,243,0.0753,243,12.21,7.47,zone2,60.03
1775537665.74,CAM_003,Av. Salaverry,216,11,13,3,243,0.0753,243,12.21,7.47,zone3,60.03
1775537665.74,CAM_004,Av. Petit Thouars,216,11,13,3,243,0.0753,243,12.21,7.47,zone4,60.03
1775537725.76,CAM_001,Av. Javier Prado,29,5,8,0,42,0.0277,42,31.72,0.66,zone1,60.02
1775537725.76,CAM_002,Av. Arequipa,170,9,14,1,194,0.0378,194,9.43,5.20,zone2,60.02
1775537725.76,CAM_003,Av. Salaverry,170,9,14,1,194,0.0378,194,9.43,5.20,zone3,60.02
1775537725.76,CAM_004,Av. Petit Thouars,170,9,14,1,194,0.0378,194,9.43,5.20,zone4,60.02
1775537785.80,CAM_001,Av. Javier Prado,61,6,6,0,73,0.0966,73,17.27,2.07,zone1,60.04
1775537785.80,CAM_002,Av. Arequipa,158,8,12,0,178,0.0787,178,7.96,7.92,zone2,60.04
1775537785.80,CAM_003,Av. Salaverry,158,8,12,0,178,0.0787,178,7.96,7.92,zone3,60.04
1775537785.80,CAM_004,Av. Petit Thouars,158,8,12,0,178,0.0787,178,7.96,7.92,zone4,60.04
1775537845.82,CAM_001,Av. Javier Prado,41,2,7,0,50,0.0380,50,36.46,0.80,zone1,60.02
1775537845.82,CAM_002,Av. Arequipa,158,4,17,1,180,0.0467,180,10.62,5.34,zone2,60.02
1775537845.82,CAM_003,Av. Salaverry,158,4,17,1,180,0.0467,180,10.62,5.34,zone3,60.02
1775537845.82,CAM_004,Av. Petit Thouars,158,4,17,1,180,0.0467,180,10.62,5.34,zone4,60.02
1775537905.84,CAM_001,Av. Javier Prado,20,1,2,0,23,0.0135,23,13.64,0.47,zone1,60.01
1775537905.84,CAM_002,Av. Arequipa,115,6,2,0,123,0.0607,123,3.56,5.88,zone2,60.01
1775537905.84,CAM_003,Av. Salaverry,115,6,2,0,123,0.0607,123,3.56,5.88,zone3,60.01
1775537905.84,CAM_004,Av. Petit Thouars,115,6,2,0,123,0.0607,123,3.56,5.88,zone4,60.01
1775537965.85,CAM_001,Av. Javier Prado,73,10,13,0,96,0.1455,96,19.13,2.26,zone1,60.01
1775537965.85,CAM_002,Av. Arequipa,237,12,20,1,270,0.1397,270,10.23,8.01,zone2,60.01
1775537965.85,CAM_003,Av. Salaverry,237,12,20,1,270,0.1397,270,10.23,8.01,zone3,60.01
1775537965.85,CAM_004,Av. Petit Thouars,237,12,20,1,270,0.1397,270,10.23,8.01,zone4,60.01
