timestamp,camera_id,street_monitored,car_count,bus_count,truck_count,motorcycle_count,total_vehicles,occupancy_rate,flow_rate_per_min,avg_speed,avg_density,zone_id,duration_seconds
1765170014.13,CAM_001,Av. Javier Prado,11,0,1,0,12,0.0153,12,20.28,0.54,zone1,60.01
1765170014.13,CAM_002,Av. Arequipa,68,0,1,0,69,0.0248,69,5.98,3.97,zone2,60.01
1765170014.13,CAM_003,Av. Salaverry,68,0,1,0,69,0.0248,69,5.98,3.97,zone3,60.01
1765170014.13,CAM_004,Av. Petit Thouars,68,0,1,0,69,0.0248,69,5.98,3.97,zone4,60.01
1765170014.21,CAM_001,Av. Javier Prado,1,0,2,0,3,0.0059,3,20.30,0.06,zone1,60.02
1765170014.21,CAM_002,Av. Arequipa,2,0,2,0,4,0.0029,4,2.84,0.66,zone2,60.02
1765170014.21,CAM_003,Av. Salaverry,2,0,2,0,4,0.0029,4,2.84,0.66,zone3,60.02
1765170014.21,CAM_004,Av. Petit Thouars,2,0,2,0,4,0.0029,4,2.84,0.66,zone4,60.02
1765170014.28,CAM_001,Av. Javier Prado,12,8,13,14,47,0.0796,47,6.49,2.05,zone1,60.05
1765170014.28,CAM_002,Av. Arequipa,44,18,31,31,124,0.0918,124,5.87,6.37,zone2,60.05
1765170014.28,CAM_003,Av. Salaverry,44,18,31,31,124,0.0918,124,5.87,6.37,zone3,60.05
1765170014.28,CAM_004,Av. Petit Thouars,44,18,31,31,124,0.0918,124,5.87,6.37,zone4,60.05
1765170014.31,CAM_001,Av. Javier Prado,8,0,4,6,18,0.2582,18,5.67,1.54,zone1,60.08
1765170014.31,CAM_002,Av. Arequipa,26,0,4,11,41,0.1688,41,4.86,2.84,zone2,60.08
1765170014.31,CAM_003,Av. Salaverry,26,0,4,11,41,0.1688,41,4.86,2.84,zone3,60.08
1765170014.31,CAM_004,Av. Petit Thouars,26,0,4,11,41,0.1688,41,4.86,2.84,zone4,60.08
1765170074.14,CAM_001,Av. Javier Prado,71,0,6,0,77,0.1288,77,14.11,2.96,zone1,60.00
1765170074.14,CAM_002,Av. Arequipa,149,1,8,0,158,0.1151,158,7.55,8.73,zone2,60.00
1765170074.14,CAM_003,Av. Salaverry,149,1,8,0,158,0.1151,158,7.55,8.73,zone3,60.00
1765170074.14,CAM_004,Av. Petit Thouars,149,1,8,0,158,0.1151,158,7.55,8.73,zone4,60.00
1765170074.22,CAM_001,Av. Javier Prado,5,0,0,0,5,0.0024,5,33.72,0.09,zone1,60.01
1765170074.22,CAM_002,Av. Arequipa,6,0,0,0,6,0.0032,6,9.49,1.01,zone2,60.01
1765170074.22,CAM_003,Av. Salaverry,6,0,0,0,6,0.0032,6,9.49,1.01,zone3,60.01
1765170074.22,CAM_004,Av. Petit Thouars,6,0,0,0,6,0.0032,6,9.49,1.01,zone4,60.01
1765170074.36,CAM_001,Av. Javier Prado,8,0,4,8,20,0.2264,20,6.41,1.41,zone1,60.05
1765170074.36,CAM_002,Av. Arequipa,33,0,10,8,51,0.1539,51,4.19,3.13,zone2,60.05
1765170074.36,CAM_003,Av. Salaverry,33,0,10,8,51,0.1539,51,4.19,3.13,zone3,60.05
1765170074.36,CAM_004,Av. Petit Thouars,33,0,10,8,51,0.1539,51,4.19,3.13,zone4,60.05
1765170074.37,CAM_001,Av. Javier Prado,14,12,12,30,68,0.1049,68,6.41,2.26,zone1,60.09
1765170074.37,CAM_002,Av. Arequipa,24,13,14,48,99,0.0501,99,3.57,4.50,zone2,60.09
1765170074.37,CAM_003,Av. Salaverry,24,13,14,48,99,0.0501,99,3.57,4.50,zone3,60.09
1765170074.37,CAM_004,Av. Petit Thouars,24,13,14,48,99,0.0501,99,3.57,4.50,zone4,60.09
1765170134.22,CAM_001,Av. Javier Prado,2,0,0,0,2,0.0028,2,14.00,0.06,zone1,60.08
1765170134.22,CAM_002,Av. Arequipa,31,6,0,0,37,0.0328,37,2.08,3.79,zone2,60.08
1765170134.22,CAM_003,Av. Salaverry,31,6,0,0,37,0.0328,37,2.08,3.79,zone3,60.08
1765170134.22,CAM_004,Av. Petit Thouars,31,6,0,0,37,0.0328,37,2.08,3.79,zone4,60.08
1765170134.29,CAM_001,Av. Javier Prado,1,0,0,0,1,0.0019,1,30.02,0.04,zone1,60.06
1765170134.29,CAM_002,Av. Arequipa,2,0,0,0,2,0.0024,2,6.90,0.85,zone2,60.06
1765170134.29,CAM_003,Av. Salaverry,2,0,0,0,2,0.0024,2,6.90,0.85,zone3,60.06
1765170134.29,CAM_004,Av. Petit Thouars,2,0,0,0,2,0.0024,2,6.90,0.85,zone4,60.06
1765170134.38,CAM_001,Av. Javier Prado,12,4,6,15,37,0.2795,37,7.18,2.13,zone1,60.02
1765170134.38,CAM_002,Av. Arequipa,35,5,18,22,80,0.2280,80,6.54,4.26,zone2,60.02
1765170134.38,CAM_003,Av. Salaverry,35,5,18,22,80,0.2280,80,6.54,4.26,zone3,60.02
1765170134.38,CAM_004,Av. Petit Thouars,35,5,18,22,80,0.2280,80,6.54,4.26,zone4,60.02
1765170134.41,CAM_001,Av. Javier Prado,12,1,9,42,64,0.0882,64,4.01,3.16,zone1,60.04
1765170134.41,CAM_002,Av. Arequipa,33,6,14,72,125,0.0734,125,4.80,6.87,zone2,60.04
1765170134.41,CAM_003,Av. Salaverry,33,6,14,72,125,0.0734,125,4.80,6.87,zone3,60.04
1765170134.41,CAM_004,Av. Petit Thouars,33,6,14,72,125,0.0734,125,4.80,6.87,zone4,60.04
1765170194.27,CAM_001,Av. Javier Prado,35,4,4,0,43,0.0934,43,13.69,1.51,zone1,60.05
1765170194.27,CAM_002,Av. Arequipa,102,11,5,0,118,0.0786,118,5.49,6.70,zone2,60.05
1765170194.27,CAM_003,Av. Salaverry,102,11,5,0,118,0.0786,118,5.49,6.70,zone3,60.05
1765170194.27,CAM_004,Av. Petit Thouars,102,11,5,0,118,0.0786,118,5.49,6.70,zone4,60.05
1765170194.34,CAM_001,Av. Javier Prado,3,0,0,0,3,0.0051,3,9.21,0.18,zone1,60.05
1765170194.34,CAM_002,Av. Arequipa,4,0,0,0,4,0.0044,4,3.98,1.11,zone2,60.05
1765170194.34,CAM_003,Av. Salaverry,4,0,0,0,4,0.0044,4,3.98,1.11,zone3,60.05
1765170194.34,CAM_004,Av. Petit Thouars,4,0,0,0,4,0.0044,4,3.98,1.11,zone4,60.05
1765170194.48,CAM_001,Av. Javier Prado,2,1,5,13,21,0.2457,21,6.23,1.50,zone1,60.10
1765170194.48,CAM_002,Av. Arequipa,11,1,6,15,33,0.1419,33,5.79,2.23,zone2,60.10
1765170194.48,CAM_003,Av. Salaverry,11,1,6,15,33,0.1419,33,5.79,2.23,zone3,60.10
1765170194.48,CAM_004,Av. Petit Thouars,11,1,6,15,33,0.1419,33,5.79,2.23,zone4,60.10
1765170194.51,CAM_001,Av. Javier Prado,16,17,15,30,78,0.1792,78,11.92,2.58,zone1,60.10
1765170194.51,CAM_002,Av. Arequipa,43,17,22,47,129,0.0963,129,7.57,6.31,zone2,60.10
1765170194.51,CAM_003,Av. Salaverry,43,17,22,47,129,0.0963,129,7.57,6.31,zone3,60.10
1765170194.51,CAM_004,Av. Petit Thouars,43,17,22,47,129,0.0963,129,7.57,6.31,zone4,60.10
1765170254.32,CAM_001,Av. Javier Prado,22,2,1,0,25,0.0237,25,23.11,0.57,zone1,60.05
1765170254.32,CAM_002,Av. Arequipa,88,4,6,0,98,0.0396,98,7.37,4.16,zone2,60.05
1765170254.32,CAM_003,Av. Salaverry,88,4,6,0,98,0.0396,98,7.37,4.16,zone3,60.05
1765170254.32,CAM_004,Av. Petit Thouars,88,4,6,0,98,0.0396,98,7.37,4.16,zone4,60.05
1765170254.40,CAM_001,Av. Javier Prado,1,0,0,0,1,0.0001,1,6.06,0.00,zone1,60.06
1765170254.40,CAM_002,Av. Arequipa,2,0,0,0,2,0.0021,2,0.64,0.91,zone2,60.06
1765170254.40,CAM_003,Av. Salaverry,2,0,0,0,2,0.0021,2,0.64,0.91,zone3,60.06
1765170254.40,CAM_004,Av. Petit Thouars,2,0,0,0,2,0.0021,2,0.64,0.91,zone4,60.06
1765170254.52,CAM_001,Av. Javier Prado,12,7,15,5,39,0.0728,39,12.42,1.65,zone1,60.01
1765170254.52,CAM_002,Av. Arequipa,27,14,26,29,96,0.0557,96,7.97,4.31,zone2,60.01
1765170254.52,CAM_003,Av. Salaverry,27,14,26,29,96,0.0557,96,7.97,4.31,zone3,60.01
1765170254.52,CAM_004,Av. Petit Thouars,27,14,26,29,96,0.0557,96,7.97,4.31,zone4,60.01
1765170254.59,CAM_001,Av. Javier Prado,14,2,16,9,41,0.3769,41,10.43,2.21,zone1,60.11
1765170254.59,CAM_002,Av. Arequipa,40,2,17,13,72,0.2302,72,10.31,2.88,zone2,60.11
1765170254.59,CAM_003,Av. Salaverry,40,2,17,13,72,0.2302,72,10.31,2.88,zone3,60.11
1765170254.59,CAM_004,Av. Petit Thouars,40,2,17,13,72,0.2302,72,10.31,2.88,zone4,60.11
1765170314.41,CAM_001,Av. Javier Prado,18,0,1,0,19,0.0378,19,11.96,0.71,zone1,60.09
1765170314.41,CAM_002,Av. Arequipa,65,2,2,0,69,0.0491,69,3.40,4.98,zone2,60.09
1765170314.41,CAM_003,Av. Salaverry,65,2,2,0,69,0.0491,69,3.40,4.98,zone3,60.09
1765170314.41,CAM_004,Av. Petit Thouars,65,2,2,0,69,0.0491,69,3.40,4.98,zone4,60.09
1765170314.51,CAM_001,Av. Javier Prado,0,0,0,0,0,0.0000,0,0.00,0.00,zone1,60.11
1765170314.51,CAM_002,Av. Arequipa,1,0,0,0,1,0.0022,1,0.39,1.00,zone2,60.11
1765170314.51,CAM_003,Av. Salaverry,1,0,0,0,1,0.0022,1,0.39,1.00,zone3,60.11
1765170314.51,CAM_004,Av. Petit Thouars,1,0,0,0,1,0.0022,1,0.39,1.00,zone4,60.11
1765170314.55,CAM_001,Av. Javier Prado,12,1,10,39,62,0.0913,62,5.40,2.22,zone1,60.03
1765170314.55,CAM_002,Av. Arequipa,34,10,28,63,135,0.0975,135,5.11,5.80,zone2,60.03
1765170314.55,CAM_003,Av. Salaverry,34,10,28,63,135,0.0975,135,5.11,5.80,zone3,60.03
1765170314.55,CAM_004,Av. Petit Thouars,34,10,28,63,135,0.0975,135,5.11,5.80,zone4,60.03
1765170314.74,CAM_001,Av. Javier Prado,11,2,13,9,35,0.4754,35,5.36,2.86,zone1,60.15
1765170314.74,CAM_002,Av. Arequipa,30,2,18,15,65,0.3292,65,6.00,3.90,zone2,60.15
1765170314.74,CAM_003,Av. Salaverry,30,2,18,15,65,0.3292,65,6.00,3.90,zone3,60.15
1765170314.74,CAM_004,Av. Petit Thouars,30,2,18,15,65,0.3292,65,6.00,3.90,zone4,60.15
1765170374.45,CAM_001,Av. Javier Prado,47,1,3,0,51,0.0765,51,12.75,1.82,zone1,60.04
1765170374.45,CAM_002,Av. Arequipa,135,4,12,1,152,0.0813,152,7.16,7.04,zone2,60.04
1765170374.45,CAM_003,Av. Salaverry,135,4,12,1,152,0.0813,152,7.16,7.04,zone3,60.04
1765170374.45,CAM_004,Av. Petit Thouars,135,4,12,1,152,0.0813,152,7.16,7.04,zone4,60.04
1765170374.52,CAM_001,Av. Javier Prado,0,0,0,0,0,0.0000,0,0.00,0.00,zone1,60.01
1765170374.52,CAM_002,Av. Arequipa,2,0,0,0,2,0.0019,2,0.00,0.85,zone2,60.01
1765170374.52,CAM_003,Av. Salaverry,2,0,0,0,2,0.0019,2,0.00,0.85,zone3,60.01
1765170374.52,CAM_004,Av. Petit Thouars,2,0,0,0,2,0.0019,2,0.00,0.85,zone4,60.01
1765170374.58,CAM_001,Av. Javier Prado,14,7,15,32,68,0.0819,68,6.17,2.67,zone1,60.03
1765170374.58,CAM_002,Av. Arequipa,35,14,22,50,121,0.0665,121,4.42,6.08,zone2,60.03
1765170374.58,CAM_003,Av. Salaverry,35,14,22,50,121,0.0665,121,4.42,6.08,zone3,60.03
1765170374.58,CAM_004,Av. Petit Thouars,35,14,22,50,121,0.0665,121,4.42,6.08,zone4,60.03
1765170374.82,CAM_001,Av. Javier Prado,7,0,8,11,26,0.2983,26,7.24,1.71,zone1,60.08
1765170374.82,CAM_002,Av. Arequipa,17,0,8,16,41,0.2072,41,6.75,2.47,zone2,60.08
1765170374.82,CAM_003,Av. Salaverry,17,0,8,16,41,0.2072,41,6.75,2.47,zone3,60.08
1765170374.82,CAM_004,Av. Petit Thouars,17,0,8,16,41,0.2072,41,6.75,2.47,zone4,60.08
1765170434.47,CAM_001,Av. Javier Prado,2,0,0,2,4,0.0031,4,12.25,0.13,zone1,60.02
1765170434.47,CAM_002,Av. Arequipa,42,1,1,2,46,0.0223,46,1.83,3.96,zone2,60.02
1765170434.47,CAM_003,Av. Salaverry,42,1,1,2,46,0.0223,46,1.83,3.96,zone3,60.02
1765170434.47,CAM_004,Av. Petit Thouars,42,1,1,2,46,0.0223,46,1.83,3.96,zone4,60.02
1765170434.66,CAM_001,Av. Javier Prado,6,3,16,32,57,0.0836,57,10.77,1.56,zone1,60.08
1765170434.66,CAM_002,Av. Arequipa,23,28,34,52,137,0.1070,137,6.37,5.38,zone2,60.08
1765170434.66,CAM_003,Av. Salaverry,23,28,34,52,137,0.1070,137,6.37,5.38,zone3,60.08
1765170434.66,CAM_004,Av. Petit Thouars,23,28,34,52,137,0.1070,137,6.37,5.38,zone4,60.08
1765170434.93,CAM_001,Av. Javier Prado,9,1,2,14,26,0.5157,26,4.85,1.88,zone1,60.10
1765170434.93,CAM_002,Av. Arequipa,24,1,4,39,68,0.1641,68,5.18,2.91,zone2,60.10
1765170434.93,CAM_003,Av. Salaverry,24,1,4,39,68,0.1641,68,5.18,2.91,zone3,60.10
1765170434.93,CAM_004,Av. Petit Thouars,24,1,4,39,68,0.1641,68,5.18,2.91,zone4,60.10
1765170449.94,CAM_001,Av. Javier Prado,1,0,0,0,1,0.0017,1,12.29,0.07,zone1,75.42
1765170449.94,CAM_002,Av. Arequipa,4,0,0,0,4,0.0029,4,4.66,0.95,zone2,75.42
1765170449.94,CAM_003,Av. Salaverry,4,0,0,0,4,0.0029,4,4.66,0.95,zone3,75.42
1765170449.94,CAM_004,Av. Petit Thouars,4,0,0,0,4,0.0029,4,4.66,0.95,zone4,75.42
1765170494.53,CAM_001,Av. Javier Prado,33,2,6,0,41,0.1365,41,11.70,2.57,zone1,60.06
1765170494.53,CAM_002,Av. Arequipa,87,4,6,0,97,0.1017,97,7.82,6.93,zone2,60.06
1765170494.53,CAM_003,Av. Salaverry,87,4,6,0,97,0.1017,97,7.82,6.93,zone3,60.06
1765170494.53,CAM_004,Av. Petit Thouars,87,4,6,0,97,0.1017,97,7.82,6.93,zone4,60.06
1765170494.78,CAM_001,Av. Javier Prado,12,6,7,16,41,0.1133,41,9.30,1.94,zone1,60.12
1765170494.78,CAM_002,Av. Arequipa,24,16,10,41,91,0.0758,91,4.19,5.53,zone2,60.12
1765170494.78,CAM_003,Av. Salaverry,24,16,10,41,91,0.0758,91,4.19,5.53,zone3,60.12
1765170494.78,CAM_004,Av. Petit Thouars,24,16,10,41,91,0.0758,91,4.19,5.53,zone4,60.12
1765170495.04,CAM_001,Av. Javier Prado,2,1,9,12,24,0.8524,24,3.92,1.96,zone1,60.11
1765170495.04,CAM_002,Av. Arequipa,8,1,9,24,42,0.1166,42,7.39,1.95,zone2,60.11
1765170495.04,CAM_003,Av. Salaverry,8,1,9,24,42,0.1166,42,7.39,1.95,zone3,60.11
1765170495.04,CAM_004,Av. Petit Thouars,8,1,9,24,42,0.1166,42,7.39,1.95,zone4,60.11
1765170510.04,CAM_001,Av. Javier Prado,0,0,0,0,0,0.0000,0,0.00,0.00,zone1,60.10
1765170510.04,CAM_002,Av. Arequipa,1,0,0,0,1,0.0019,1,0.00,0.87,zone2,60.10
1765170510.04,CAM_003,Av. Salaverry,1,0,0,0,1,0.0019,1,0.00,0.87,zone3,60.10
1765170510.04,CAM_004,Av. Petit Thouars,1,0,0,0,1,0.0019,1,0.00,0.87,zone4,60.10
1765170554.57,CAM_001,Av. Javier Prado,11,1,1,0,13,0.0105,13,19.38,0.34,zone1,60.04
1765170554.57,CAM_002,Av. Arequipa,60,4,5,0,69,0.0255,69,3.72,3.94,zone2,60.04
1765170554.57,CAM_003,Av. Salaverry,60,4,5,0,69,0.0255,69,3.72,3.94,zone3,60.04
1765170554.57,CAM_004,Av. Petit Thouars,60,4,5,0,69,0.0255,69,3.72,3.94,zone4,60.04
1765170554.83,CAM_001,Av. Javier Prado,14,8,15,9,46,0.1833,46,16.77,1.49,zone1,60.05
1765170554.83,CAM_002,Av. Arequipa,26,24,26,30,106,0.0769,106,6.81,4.25,zone2,60.05
1765170554.83,CAM_003,Av. Salaverry,26,24,26,30,106,0.0769,106,6.81,4.25,zone3,60.05
1765170554.83,CAM_004,Av. Petit Thouars,26,24,26,30,106,0.0769,106,6.81,4.25,zone4,60.05
1765170555.17,CAM_001,Av. Javier Prado,11,2,9,15,37,0.8069,37,4.77,1.78,zone1,60.13
1765170555.17,CAM_002,Av. Arequipa,36,2,11,23,72,0.0814,72,7.52,2.34,zone2,60.13
1765170555.17,CAM_003,Av. Salaverry,36,2,11,23,72,0.0814,72,7.52,2.34,zone3,60.13
1765170555.17,CAM_004,Av. Petit Thouars,36,2,11,23,72,0.0814,72,7.52,2.34,zone4,60.13
1765170570.13,CAM_001,Av. Javier Prado,1,0,0,0,1,0.0037,1,0.78,0.17,zone1,60.08
1765170570.13,CAM_002,Av. Arequipa,6,0,0,0,6,0.0050,6,1.08,1.17,zone2,60.08
1765170570.13,CAM_003,Av. Salaverry,6,0,0,0,6,0.0050,6,1.08,1.17,zone3,60.08
1765170570.13,CAM_004,Av. Petit Thouars,6,0,0,0,6,0.0050,6,1.08,1.17,zone4,60.08
1765170614.60,CAM_001,Av. Javier Prado,32,1,5,0,38,0.0605,38,10.38,1.45,zone1,60.02
1765170614.60,CAM_002,Av. Arequipa,106,5,10,0,121,0.0595,121,4.61,6.03,zone2,60.02
1765170614.60,CAM_003,Av. Salaverry,106,5,10,0,121,0.0595,121,4.61,6.03,zone3,60.02
1765170614.60,CAM_004,Av. Petit Thouars,106,5,10,0,121,0.0595,121,4.61,6.03,zone4,60.02
1765170614.83,CAM_001,Av. Javier Prado,13,2,7,36,58,0.0904,58,3.94,3.04,zone1,60.00
1765170614.83,CAM_002,Av. Arequipa,42,15,25,53,135,0.1045,135,3.75,8.64,zone2,60.00
1765170614.83,CAM_003,Av. Salaverry,42,15,25,53,135,0.1045,135,3.75,8.64,zone3,60.00
1765170614.83,CAM_004,Av. Petit Thouars,42,15,25,53,135,0.1045,135,3.75,8.64,zone4,60.00
1765170615.24,CAM_001,Av. Javier Prado,8,8,14,10,40,0.8393,40,6.57,1.89,zone1,60.07
1765170615.24,CAM_002,Av. Arequipa,18,8,14,13,53,0.0919,53,9.55,1.67,zone2,60.07
1765170615.24,CAM_003,Av. Salaverry,18,8,14,13,53,0.0919,53,9.55,1.67,zone3,60.07
1765170615.24,CAM_004,Av. Petit Thouars,18,8,14,13,53,0.0919,53,9.55,1.67,zone4,60.07
1765170630.25,CAM_001,Av. Javier Prado,2,0,0,0,2,0.0036,2,8.24,0.14,zone1,60.12
1765170630.25,CAM_002,Av. Arequipa,5,0,0,0,5,0.0033,5,4.58,0.75,zone2,60.12
1765170630.25,CAM_003,Av. Salaverry,5,0,0,0,5,0.0033,5,4.58,0.75,zone3,60.12
1765170630.25,CAM_004,Av. Petit Thouars,5,0,0,0,5,0.0033,5,4.58,0.75,zone4,60.12
1765170674.68,CAM_001,Av. Javier Prado,35,2,0,0,37,0.0576,37,18.92,1.23,zone1,60.08
1765170674.68,CAM_002,Av. Arequipa,124,3,2,0,129,0.0499,129,7.54,5.23,zone2,60.08
1765170674.68,CAM_003,Av. Salaverry,124,3,2,0,129,0.0499,129,7.54,5.23,zone3,60.08
1765170674.68,CAM_004,Av. Petit Thouars,124,3,2,0,129,0.0499,129,7.54,5.23,zone4,60.08
1765170674.95,CAM_001,Av. Javier Prado,22,10,18,28,78,0.2067,78,11.69,3.54,zone1,60.12
1765170674.95,CAM_002,Av. Arequipa,40,22,21,54,137,0.0987,137,6.86,6.19,zone2,60.12
1765170674.95,CAM_003,Av. Salaverry,40,22,21,54,137,0.0987,137,6.86,6.19,zone3,60.12
1765170674.95,CAM_004,Av. Petit Thouars,40,22,21,54,137,0.0987,137,6.86,6.19,zone4,60.12
1765170675.35,CAM_001,Av. Javier Prado,9,3,6,17,35,0.8472,35,3.34,2.15,zone1,60.10
1765170675.35,CAM_002,Av. Arequipa,41,3,8,25,77,0.1423,77,5.08,2.81,zone2,60.10
1765170675.35,CAM_003,Av. Salaverry,41,3,8,25,77,0.1423,77,5.08,2.81,zone3,60.10
1765170675.35,CAM_004,Av. Petit Thouars,41,3,8,25,77,0.1423,77,5.08,2.81,zone4,60.10
1765170690.25,CAM_001,Av. Javier Prado,1,0,0,0,1,0.0020,1,1.24,0.12,zone1,60.01
1765170690.25,CAM_002,Av. Arequipa,4,0,0,0,4,0.0034,4,1.29,1.16,zone2,60.01
1765170690.25,CAM_003,Av. Salaverry,4,0,0,0,4,0.0034,4,1.29,1.16,zone3,60.01
1765170690.25,CAM_004,Av. Petit Thouars,4,0,0,0,4,0.0034,4,1.29,1.16,zone4,60.01
1765170734.86,CAM_001,Av. Javier Prado,17,2,0,1,20,0.0393,20,9.31,0.87,zone1,60.19
1765170734.86,CAM_002,Av. Arequipa,74,7,0,1,82,0.0998,82,2.98,5.60,zone2,60.19
1765170734.86,CAM_003,Av. Salaverry,74,7,0,1,82,0.0998,82,2.98,5.60,zone3,60.19
1765170734.86,CAM_004,Av. Petit Thouars,74,7,0,1,82,0.0998,82,2.98,5.60,zone4,60.19
1765170735.09,CAM_001,Av. Javier Prado,17,9,26,22,74,0.1382,74,12.95,2.34,zone1,60.14
1765170735.09,CAM_002,Av. Arequipa,33,21,44,42,140,0.1029,140,6.49,6.37,zone2,60.14
1765170735.09,CAM_003,Av. Salaverry,33,21,44,42,140,0.1029,140,6.49,6.37,zone3,60.14
1765170735.09,CAM_004,Av. Petit Thouars,33,21,44,42,140,0.1029,140,6.49,6.37,zone4,60.14
1765170735.44,CAM_001,Av. Javier Prado,9,0,11,12,32,0.8540,32,3.93,2.05,zone1,60.10
1765170735.44,CAM_002,Av. Arequipa,24,0,12,21,57,0.1058,57,5.36,2.53,zone2,60.10
1765170735.44,CAM_003,Av. Salaverry,24,0,12,21,57,0.1058,57,5.36,2.53,zone3,60.10
1765170735.44,CAM_004,Av. Petit Thouars,24,0,12,21,57,0.1058,57,5.36,2.53,zone4,60.10
1765170750.30,CAM_001,Av. Javier Prado,2,0,0,0,2,0.0023,2,19.42,0.08,zone1,60.04
1765170750.30,CAM_002,Av. Arequipa,4,0,0,0,4,0.0036,4,6.57,0.98,zone2,60.04
1765170750.30,CAM_003,Av. Salaverry,4,0,0,0,4,0.0036,4,6.57,0.98,zone3,60.04
1765170750.30,CAM_004,Av. Petit Thouars,4,0,0,0,4,0.0036,4,6.57,0.98,zone4,60.04
1765170794.92,CAM_001,Av. Javier Prado,41,2,1,0,44,0.0404,44,13.41,1.36,zone1,60.06
1765170794.92,CAM_002,Av. Arequipa,115,2,3,0,120,0.0480,120,6.22,6.30,zone2,60.06
1765170794.92,CAM_003,Av. Salaverry,115,2,3,0,120,0.0480,120,6.22,6.30,zone3,60.06
1765170794.92,CAM_004,Av. Petit Thouars,115,2,3,0,120,0.0480,120,6.22,6.30,zone4,60.06
1765170795.10,CAM_001,Av. Javier Prado,11,2,10,39,62,0.1179,62,6.13,2.54,zone1,60.01
1765170795.10,CAM_002,Av. Arequipa,27,8,22,56,113,0.0867,113,4.32,5.38,zone2,60.01
1765170795.10,CAM_003,Av. Salaverry,27,8,22,56,113,0.0867,113,4.32,5.38,zone3,60.01
1765170795.10,CAM_004,Av. Petit Thouars,27,8,22,56,113,0.0867,113,4.32,5.38,zone4,60.01
1765170795.49,CAM_001,Av. Javier Prado,17,2,9,11,39,0.9015,39,6.66,2.53,zone1,60.04
1765170795.49,CAM_002,Av. Arequipa,35,4,12,20,71,0.1619,71,7.87,3.27,zone2,60.04
1765170795.49,CAM_003,Av. Salaverry,35,4,12,20,71,0.1619,71,7.87,3.27,zone3,60.04
1765170795.49,CAM_004,Av. Petit Thouars,35,4,12,20,71,0.1619,71,7.87,3.27,zone4,60.04
1765170810.34,CAM_001,Av. Javier Prado,2,0,0,0,2,0.0007,2,23.95,0.02,zone1,60.05
1765170810.34,CAM_002,Av. Arequipa,3,0,0,0,3,0.0019,3,4.86,0.77,zone2,60.05
1765170810.34,CAM_003,Av. Salaverry,3,0,0,0,3,0.0019,3,4.86,0.77,zone3,60.05
1765170810.34,CAM_004,Av. Petit Thouars,3,0,0,0,3,0.0019,3,4.86,0.77,zone4,60.05
1765170854.94,CAM_001,Av. Javier Prado,4,0,0,0,4,0.0056,4,7.13,0.22,zone1,60.02
1765170854.94,CAM_002,Av. Arequipa,53,10,8,4,75,0.0546,75,2.52,4.56,zone2,60.02
1765170854.94,CAM_003,Av. Salaverry,53,10,8,4,75,0.0546,75,2.52,4.56,zone3,60.02
1765170854.94,CAM_004,Av. Petit Thouars,53,10,8,4,75,0.0546,75,2.52,4.56,zone4,60.02
1765170855.18,CAM_001,Av. Javier Prado,11,7,9,19,46,0.0694,46,16.36,1.30,zone1,60.08
1765170855.18,CAM_002,Av. Arequipa,23,11,12,40,86,0.0521,86,7.17,4.69,zone2,60.08
1765170855.18,CAM_003,Av. Salaverry,23,11,12,40,86,0.0521,86,7.17,4.69,zone3,60.08
1765170855.18,CAM_004,Av. Petit Thouars,23,11,12,40,86,0.0521,86,7.17,4.69,zone4,60.08
1765170855.50,CAM_001,Av. Javier Prado,8,1,9,10,28,0.4170,28,7.73,1.76,zone1,60.01
1765170855.50,CAM_002,Av. Arequipa,20,1,9,13,43,0.1486,43,5.65,2.71,zone2,60.01
1765170855.50,CAM_003,Av. Salaverry,20,1,9,13,43,0.1486,43,5.65,2.71,zone3,60.01
1765170855.50,CAM_004,Av. Petit Thouars,20,1,9,13,43,0.1486,43,5.65,2.71,zone4,60.01
1765170870.44,CAM_001,Av. Javier Prado,5,0,0,0,5,0.0056,5,18.69,0.17,zone1,60.10
1765170870.44,CAM_002,Av. Arequipa,7,0,0,0,7,0.0164,7,4.20,1.25,zone2,60.10
1765170870.44,CAM_003,Av. Salaverry,7,0,0,0,7,0.0164,7,4.20,1.25,zone3,60.10
1765170870.44,CAM_004,Av. Petit Thouars,7,0,0,0,7,0.0164,7,4.20,1.25,zone4,60.10
1765170915.04,CAM_001,Av. Javier Prado,44,7,1,0,52,0.1089,52,11.57,1.98,zone1,60.10
1765170915.04,CAM_002,Av. Arequipa,128,9,3,0,140,0.1099,140,5.25,8.31,zone2,60.10
1765170915.04,CAM_003,Av. Salaverry,128,9,3,0,140,0.1099,140,5.25,8.31,zone3,60.10
1765170915.04,CAM_004,Av. Petit Thouars,128,9,3,0,140,0.1099,140,5.25,8.31,zone4,60.10
1765170915.26,CAM_001,Av. Javier Prado,16,0,4,47,67,0.0725,67,3.05,2.82,zone1,60.08
1765170915.26,CAM_002,Av. Arequipa,37,21,24,77,159,0.1054,159,3.44,8.57,zone2,60.08
1765170915.26,CAM_003,Av. Salaverry,37,21,24,77,159,0.1054,159,3.44,8.57,zone3,60.08
1765170915.26,CAM_004,Av. Petit Thouars,37,21,24,77,159,0.1054,159,3.44,8.57,zone4,60.08
1765170915.65,CAM_001,Av. Javier Prado,8,2,4,14,28,0.2690,28,7.17,1.92,zone1,60.15
1765170915.65,CAM_002,Av. Arequipa,20,2,6,25,53,0.1869,53,6.48,3.31,zone2,60.15
1765170915.65,CAM_003,Av. Salaverry,20,2,6,25,53,0.1869,53,6.48,3.31,zone3,60.15
1765170915.65,CAM_004,Av. Petit Thouars,20,2,6,25,53,0.1869,53,6.48,3.31,zone4,60.15
1765170930.47,CAM_001,Av. Javier Prado,1,0,0,0,1,0.0002,1,9.12,0.01,zone1,60.03
1765170930.47,CAM_002,Av. Arequipa,3,0,0,0,3,0.0018,3,6.16,0.70,zone2,60.03
1765170930.47,CAM_003,Av. Salaverry,3,0,0,0,3,0.0018,3,6.16,0.70,zone3,60.03
1765170930.47,CAM_004,Av. Petit Thouars,3,0,0,0,3,0.0018,3,6.16,0.70,zone4,60.03
1765170975.06,CAM_001,Av. Javier Prado,7,0,0,0,7,0.0058,7,9.36,0.30,zone1,60.02
1765170975.06,CAM_002,Av. Arequipa,50,0,0,0,50,0.0331,50,1.85,5.67,zone2,60.02
1765170975.06,CAM_003,Av. Salaverry,50,0,0,0,50,0.0331,50,1.85,5.67,zone3,60.02
1765170975.06,CAM_004,Av. Petit Thouars,50,0,0,0,50,0.0331,50,1.85,5.67,zone4,60.02
1765170975.32,CAM_001,Av. Javier Prado,10,10,16,33,69,0.2109,69,7.82,2.63,zone1,60.06
1765170975.32,CAM_002,Av. Arequipa,36,13,26,50,125,0.0994,125,4.16,5.71,zone2,60.06
1765170975.32,CAM_003,Av. Salaverry,36,13,26,50,125,0.0994,125,4.16,5.71,zone3,60.06
1765170975.32,CAM_004,Av. Petit Thouars,36,13,26,50,125,0.0994,125,4.16,5.71,zone4,60.06
1765170975.77,CAM_001,Av. Javier Prado,7,3,6,15,31,0.2733,31,5.58,2.03,zone1,60.12
1765170975.77,CAM_002,Av. Arequipa,23,3,9,25,60,0.1817,60,4.93,3.65,zone2,60.12
1765170975.77,CAM_003,Av. Salaverry,23,3,9,25,60,0.1817,60,4.93,3.65,zone3,60.12
1765170975.77,CAM_004,Av. Petit Thouars,23,3,9,25,60,0.1817,60,4.93,3.65,zone4,60.12
1765170990.49,CAM_001,Av. Javier Prado,1,0,0,0,1,0.0003,1,64.25,0.01,zone1,60.03
1765170990.49,CAM_002,Av. Arequipa,1,0,0,0,1,0.0022,1,0.39,0.96,zone2,60.03
1765170990.49,CAM_003,Av. Salaverry,1,0,0,0,1,0.0022,1,0.39,0.96,zone3,60.03
1765170990.49,CAM_004,Av. Petit Thouars,1,0,0,0,1,0.0022,1,0.39,0.96,zone4,60.03
1765171108.95,CAM_001,Av. Javier Prado,11,1,5,15,32,0.4049,32,4.39,2.48,zone1,133.18
1765171109.02,CAM_001,Av. Javier Prado,0,0,0,0,0,0.0000,0,0.00,0.00,zone1,118.53
1765171108.95,CAM_002,Av. Arequipa,40,2,9,23,74,0.3009,74,4.20,5.24,zone2,133.18
1765171108.95,CAM_003,Av. Salaverry,40,2,9,23,74,0.3009,74,4.20,5.24,zone3,133.18
1765171109.02,CAM_002,Av. Arequipa,3,0,0,0,3,0.0109,3,0.63,1.21,zone2,118.53
1765171108.95,CAM_004,Av. Petit Thouars,40,2,9,23,74,0.3009,74,4.20,5.24,zone4,133.18
1765171109.02,CAM_003,Av. Salaverry,3,0,0,0,3,0.0109,3,0.63,1.21,zone3,118.53
1765171109.02,CAM_004,Av. Petit Thouars,3,0,0,0,3,0.0109,3,0.63,1.21,zone4,118.53
1765171109.06,CAM_001,Av. Javier Prado,22,0,10,14,46,0.1264,46,7.29,3.32,zone1,133.74
1765171109.06,CAM_002,Av. Arequipa,42,15,24,31,112,0.1125,112,4.45,7.64,zone2,133.74
1765171109.06,CAM_003,Av. Salaverry,42,15,24,31,112,0.1125,112,4.45,7.64,zone3,133.74
1765171109.06,CAM_004,Av. Petit Thouars,42,15,24,31,112,0.1125,112,4.45,7.64,zone4,133.74
1765171109.10,CAM_001,Av. Javier Prado,37,3,3,0,43,0.0684,43,10.66,1.88,zone1,134.04
1765171109.10,CAM_002,Av. Arequipa,109,4,9,0,122,0.0677,122,5.34,6.33,zone2,134.04
1765171109.10,CAM_003,Av. Salaverry,109,4,9,0,122,0.0677,122,5.34,6.33,zone3,134.04
1765171109.10,CAM_004,Av. Petit Thouars,109,4,9,0,122,0.0677,122,5.34,6.33,zone4,134.04
1765171253.02,CAM_001,Av. Javier Prado,1,0,1,0,2,0.2787,2,9.94,1.24,zone1,144.07
1765171253.02,CAM_002,Av. Arequipa,6,0,1,0,7,0.2317,7,6.03,3.34,zone2,144.07
1765171253.02,CAM_003,Av. Salaverry,6,0,1,0,7,0.2317,7,6.03,3.34,zone3,144.07
1765171253.02,CAM_004,Av. Petit Thouars,6,0,1,0,7,0.2317,7,6.03,3.34,zone4,144.07
1765171253.06,CAM_001,Av. Javier Prado,10,0,2,1,13,0.0783,13,11.03,2.59,zone1,143.96
1765171253.06,CAM_002,Av. Arequipa,27,1,3,1,32,0.0832,32,6.33,7.71,zone2,143.96
1765171253.06,CAM_003,Av. Salaverry,27,1,3,1,32,0.0832,32,6.33,7.71,zone3,143.96
1765171253.06,CAM_004,Av. Petit Thouars,27,1,3,1,32,0.0832,32,6.33,7.71,zone4,143.96
1765171253.11,CAM_001,Av. Javier Prado,0,0,0,0,0,0.0000,0,0.00,0.00,zone1,144.09
1765171253.11,CAM_002,Av. Arequipa,1,0,0,0,1,0.0022,1,0.00,1.00,zone2,144.09
1765171253.11,CAM_003,Av. Salaverry,1,0,0,0,1,0.0022,1,0.00,1.00,zone3,144.09
1765171253.11,CAM_004,Av. Petit Thouars,1,0,0,0,1,0.0022,1,0.00,1.00,zone4,144.09
1765171253.13,CAM_001,Av. Javier Prado,5,8,4,0,17,0.4989,17,18.99,2.78,zone1,144.07
1765171253.13,CAM_002,Av. Arequipa,5,9,7,1,22,0.1755,22,12.64,3.47,zone2,144.07
1765171253.13,CAM_003,Av. Salaverry,5,9,7,1,22,0.1755,22,12.64,3.47,zone3,144.07
1765171253.13,CAM_004,Av. Petit Thouars,5,9,7,1,22,0.1755,22,12.64,3.47,zone4,144.07
1765171397.04,CAM_001,Av. Javier Prado,10,6,7,0,23,0.3817,23,17.32,2.19,zone1,143.91
1765171397.04,CAM_002,Av. Arequipa,11,10,8,9,38,0.0955,38,12.36,3.06,zone2,143.91
1765171397.04,CAM_003,Av. Salaverry,11,10,8,9,38,0.0955,38,12.36,3.06,zone3,143.91
1765171397.04,CAM_004,Av. Petit Thouars,11,10,8,9,38,0.0955,38,12.36,3.06,zone4,143.91
1765171397.15,CAM_001,Av. Javier Prado,0,0,0,0,0,0.0000,0,0.00,0.00,zone1,144.04
1765171397.15,CAM_002,Av. Arequipa,1,0,0,0,1,0.0022,1,0.38,1.00,zone2,144.04
1765171397.15,CAM_003,Av. Salaverry,1,0,0,0,1,0.0022,1,0.38,1.00,zone3,144.04
1765171397.15,CAM_004,Av. Petit Thouars,1,0,0,0,1,0.0022,1,0.38,1.00,zone4,144.04
1765171397.22,CAM_001,Av. Javier Prado,14,0,1,0,15,0.0310,15,7.65,1.43,zone1,144.17
1765171397.22,CAM_002,Av. Arequipa,48,0,2,0,50,0.0526,50,3.61,6.53,zone2,144.17
1765171397.22,CAM_003,Av. Salaverry,48,0,2,0,50,0.0526,50,3.61,6.53,zone3,144.17
1765171397.22,CAM_004,Av. Petit Thouars,48,0,2,0,50,0.0526,50,3.61,6.53,zone4,144.17
1765171397.24,CAM_001,Av. Javier Prado,0,0,1,7,8,0.1272,8,7.56,0.98,zone1,144.23
1765171397.24,CAM_002,Av. Arequipa,11,0,1,12,24,0.1754,24,4.53,4.11,zone2,144.23
1765171397.24,CAM_003,Av. Salaverry,11,0,1,12,24,0.1754,24,4.53,4.11,zone3,144.23
1765171397.24,CAM_004,Av. Petit Thouars,11,0,1,12,24,0.1754,24,4.53,4.11,zone4,144.23
1765172370.09,CAM_001,Av. Javier Prado,23,5,18,1,47,0.2245,47,13.24,2.99,zone1,973.05
1765172370.09,CAM_002,Av. Arequipa,27,8,21,4,60,0.0792,60,7.93,4.83,zone2,973.05
1765172370.09,CAM_003,Av. Salaverry,27,8,21,4,60,0.0792,60,7.93,4.83,zone3,973.05
1765172370.09,CAM_004,Av. Petit Thouars,27,8,21,4,60,0.0792,60,7.93,4.83,zone4,973.05
1765172370.23,CAM_001,Av. Javier Prado,7,0,0,0,7,0.0069,7,15.75,0.36,zone1,973.08
1765172370.23,CAM_002,Av. Arequipa,14,0,0,0,14,0.0043,14,7.61,0.98,zone2,973.08
1765172370.23,CAM_003,Av. Salaverry,14,0,0,0,14,0.0043,14,7.61,0.98,zone3,973.08
1765172370.23,CAM_004,Av. Petit Thouars,14,0,0,0,14,0.0043,14,7.61,0.98,zone4,973.08
1765172370.27,CAM_001,Av. Javier Prado,9,9,2,13,33,0.5943,33,3.52,2.22,zone1,973.03
1765172370.27,CAM_002,Av. Arequipa,31,0,4,20,55,0.2056,55,3.44,5.72,zone2,973.03
1765172370.27,CAM_003,Av. Salaverry,31,0,4,20,55,0.2056,55,3.44,5.72,zone3,973.03
1765172370.27,CAM_004,Av. Petit Thouars,31,0,4,20,55,0.2056,55,3.44,5.72,zone4,973.03
1765172370.32,CAM_001,Av. Javier Prado,17,3,1,0,21,0.1064,21,12.42,1.58,zone1,973.10
1765172370.32,CAM_002,Av. Arequipa,64,5,4,0,73,0.0810,73,6.22,5.45,zone2,973.10
1765172370.32,CAM_003,Av. Salaverry,64,5,4,0,73,0.0810,73,6.22,5.45,zone3,973.10
1765172370.32,CAM_004,Av. Petit Thouars,64,5,4,0,73,0.0810,73,6.22,5.45,zone4,973.10
1765172797.03,CAM_001,Av. Javier Prado,2,1,2,4,9,0.8781,9,5.00,2.51,zone1,426.75
1765172797.03,CAM_002,Av. Arequipa,9,1,2,4,16,0.3334,16,7.78,5.30,zone2,426.75
1765172797.03,CAM_003,Av. Salaverry,9,1,2,4,16,0.3334,16,7.78,5.30,zone3,426.75
1765172797.03,CAM_004,Av. Petit Thouars,9,1,2,4,16,0.3334,16,7.78,5.30,zone4,426.75
1765172797.04,CAM_001,Av. Javier Prado,3,2,0,0,5,0.0997,5,10.42,1.64,zone1,426.71
1765172797.04,CAM_002,Av. Arequipa,11,2,0,0,13,0.0986,13,4.56,9.24,zone2,426.71
1765172797.04,CAM_003,Av. Salaverry,11,2,0,0,13,0.0986,13,4.56,9.24,zone3,426.71
1765172797.04,CAM_004,Av. Petit Thouars,11,2,0,0,13,0.0986,13,4.56,9.24,zone4,426.71
1765172797.12,CAM_001,Av. Javier Prado,0,0,0,0,0,0.0000,0,0.00,0.00,zone1,426.89
1765172797.12,CAM_002,Av. Arequipa,3,0,0,0,3,0.0013,3,3.48,0.76,zone2,426.89
1765172797.12,CAM_003,Av. Salaverry,3,0,0,0,3,0.0013,3,3.48,0.76,zone3,426.89
1765172797.12,CAM_004,Av. Petit Thouars,3,0,0,0,3,0.0013,3,3.48,0.76,zone4,426.89
1765172797.27,CAM_001,Av. Javier Prado,1,0,5,5,11,0.3648,11,9.45,2.36,zone1,427.18
1765172797.27,CAM_002,Av. Arequipa,7,1,6,13,27,0.2424,27,4.79,7.74,zone2,427.18
1765172797.27,CAM_003,Av. Salaverry,7,1,6,13,27,0.2424,27,4.79,7.74,zone3,427.18
1765172797.27,CAM_004,Av. Petit Thouars,7,1,6,13,27,0.2424,27,4.79,7.74,zone4,427.18
1765194411.74,CAM_001,Av. Javier Prado,43,0,0,0,43,0.1814,43,9.60,4.13,zone1,60.03
1765194411.74,CAM_002,Av. Arequipa,89,0,0,0,89,0.1197,89,6.54,9.12,zone2,60.03
1765194411.74,CAM_003,Av. Salaverry,89,0,0,0,89,0.1197,89,6.54,9.12,zone3,60.03
1765194411.74,CAM_004,Av. Petit Thouars,89,0,0,0,89,0.1197,89,6.54,9.12,zone4,60.03
1765194416.76,CAM_001,Av. Javier Prado,6,0,1,0,7,0.0294,7,8.25,1.21,zone1,60.00
1765194416.76,CAM_002,Av. Arequipa,9,0,1,0,10,0.0145,10,6.17,1.42,zone2,60.00
1765194416.76,CAM_003,Av. Salaverry,9,0,1,0,10,0.0145,10,6.17,1.42,zone3,60.00
1765194416.76,CAM_004,Av. Petit Thouars,9,0,1,0,10,0.0145,10,6.17,1.42,zone4,60.00
1765194422.36,CAM_001,Av. Javier Prado,2,2,4,3,11,0.1946,11,8.28,1.02,zone1,60.05
1765194422.36,CAM_002,Av. Arequipa,6,2,6,4,18,0.1110,18,9.18,1.12,zone2,60.05
1765194422.36,CAM_003,Av. Salaverry,6,2,6,4,18,0.1110,18,9.18,1.12,zone3,60.05
1765194422.36,CAM_004,Av. Petit Thouars,6,2,6,4,18,0.1110,18,9.18,1.12,zone4,60.05
1765194428.13,CAM_001,Av. Javier Prado,46,6,10,4,66,0.0964,66,15.47,1.28,zone1,60.02
1765194428.13,CAM_002,Av. Arequipa,79,6,13,3,101,0.0446,101,9.25,2.05,zone2,60.02
1765194428.13,CAM_003,Av. Salaverry,79,6,13,3,101,0.0446,101,9.25,2.05,zone3,60.02
1765194428.13,CAM_004,Av. Petit Thouars,79,6,13,3,101,0.0446,101,9.25,2.05,zone4,60.02
1765194471.75,CAM_001,Av. Javier Prado,9,0,0,0,9,0.0399,9,5.34,0.96,zone1,60.01
1765194471.75,CAM_002,Av. Arequipa,66,4,1,0,71,0.0533,71,3.20,5.42,zone2,60.01
1765194471.75,CAM_003,Av. Salaverry,66,4,1,0,71,0.0533,71,3.20,5.42,zone3,60.01
1765194471.75,CAM_004,Av. Petit Thouars,66,4,1,0,71,0.0533,71,3.20,5.42,zone4,60.01
1765194476.80,CAM_001,Av. Javier Prado,32,0,0,0,32,0.0383,32,12.08,1.12,zone1,60.03
1765194476.80,CAM_002,Av. Arequipa,33,0,0,0,33,0.0156,33,9.06,1.29,zone2,60.03
1765194476.80,CAM_003,Av. Salaverry,33,0,0,0,33,0.0156,33,9.06,1.29,zone3,60.03
1765194476.80,CAM_004,Av. Petit Thouars,33,0,0,0,33,0.0156,33,9.06,1.29,zone4,60.03
1765194482.42,CAM_001,Av. Javier Prado,5,3,4,2,14,0.1706,14,7.68,0.86,zone1,60.06
1765194482.42,CAM_002,Av. Arequipa,7,3,4,6,20,0.1018,20,9.67,1.03,zone2,60.06
1765194482.42,CAM_003,Av. Salaverry,7,3,4,6,20,0.1018,20,9.67,1.03,zone3,60.06
1765194482.42,CAM_004,Av. Petit Thouars,7,3,4,6,20,0.1018,20,9.67,1.03,zone4,60.06
1765194488.15,CAM_001,Av. Javier Prado,31,1,3,7,42,0.0281,42,9.12,0.72,zone1,60.02
1765194488.15,CAM_002,Av. Arequipa,52,14,13,8,87,0.0406,87,8.80,2.00,zone2,60.02
1765194488.15,CAM_003,Av. Salaverry,52,14,13,8,87,0.0406,87,8.80,2.00,zone3,60.02
1765194488.15,CAM_004,Av. Petit Thouars,52,14,13,8,87,0.0406,87,8.80,2.00,zone4,60.02
1765194531.85,CAM_001,Av. Javier Prado,48,1,1,0,50,0.0917,50,11.08,1.93,zone1,60.10
1765194531.85,CAM_002,Av. Arequipa,110,6,3,1,120,0.0877,120,5.89,5.98,zone2,60.10
1765194531.85,CAM_003,Av. Salaverry,110,6,3,1,120,0.0877,120,5.89,5.98,zone3,60.10
1765194531.85,CAM_004,Av. Petit Thouars,110,6,3,1,120,0.0877,120,5.89,5.98,zone4,60.10
1765194536.88,CAM_001,Av. Javier Prado,18,0,0,0,18,0.0308,18,7.27,0.91,zone1,60.09
1765194536.88,CAM_002,Av. Arequipa,17,0,0,0,17,0.0107,17,6.40,0.80,zone2,60.09
1765194536.88,CAM_003,Av. Salaverry,17,0,0,0,17,0.0107,17,6.40,0.80,zone3,60.09
1765194536.88,CAM_004,Av. Petit Thouars,17,0,0,0,17,0.0107,17,6.40,0.80,zone4,60.09
1765194542.47,CAM_001,Av. Javier Prado,9,1,1,3,14,0.2050,14,8.06,1.02,zone1,60.05
1765194542.47,CAM_002,Av. Arequipa,13,1,2,12,28,0.1215,28,9.14,1.24,zone2,60.05
1765194542.47,CAM_003,Av. Salaverry,13,1,2,12,28,0.1215,28,9.14,1.24,zone3,60.05
1765194542.47,CAM_004,Av. Petit Thouars,13,1,2,12,28,0.1215,28,9.14,1.24,zone4,60.05
1765194548.18,CAM_001,Av. Javier Prado,43,1,7,2,53,0.0489,53,9.99,0.91,zone1,60.03
1765194548.18,CAM_002,Av. Arequipa,77,1,10,3,91,0.0254,91,6.29,1.67,zone2,60.03
1765194548.18,CAM_003,Av. Salaverry,77,1,10,3,91,0.0254,91,6.29,1.67,zone3,60.03
1765194548.18,CAM_004,Av. Petit Thouars,77,1,10,3,91,0.0254,91,6.29,1.67,zone4,60.03
1765194591.88,CAM_001,Av. Javier Prado,40,0,1,0,41,0.0793,41,8.38,2.34,zone1,60.04
1765194591.88,CAM_002,Av. Arequipa,129,5,4,0,138,0.0904,138,5.11,8.18,zone2,60.04
1765194591.88,CAM_003,Av. Salaverry,129,5,4,0,138,0.0904,138,5.11,8.18,zone3,60.04
1765194591.88,CAM_004,Av. Petit Thouars,129,5,4,0,138,0.0904,138,5.11,8.18,zone4,60.04
1765194596.95,CAM_001,Av. Javier Prado,16,0,1,0,17,0.0286,17,6.72,1.14,zone1,60.06
1765194596.95,CAM_002,Av. Arequipa,25,0,2,0,27,0.0583,27,3.98,2.04,zone2,60.06
1765194596.95,CAM_003,Av. Salaverry,25,0,2,0,27,0.0583,27,3.98,2.04,zone3,60.06
1765194596.95,CAM_004,Av. Petit Thouars,25,0,2,0,27,0.0583,27,3.98,2.04,zone4,60.06
1765194602.52,CAM_001,Av. Javier Prado,2,0,2,1,5,0.2980,5,5.97,1.08,zone1,60.05
1765194602.52,CAM_002,Av. Arequipa,7,0,3,5,15,0.1166,15,6.63,1.30,zone2,60.05
1765194602.52,CAM_003,Av. Salaverry,7,0,3,5,15,0.1166,15,6.63,1.30,zone3,60.05
1765194602.52,CAM_004,Av. Petit Thouars,7,0,3,5,15,0.1166,15,6.63,1.30,zone4,60.05
1765194608.21,CAM_001,Av. Javier Prado,40,4,11,4,59,0.0606,59,20.71,0.87,zone1,60.03
1765194608.21,CAM_002,Av. Arequipa,55,6,21,6,88,0.0414,88,14.77,2.01,zone2,60.03
1765194608.21,CAM_003,Av. Salaverry,55,6,21,6,88,0.0414,88,14.77,2.01,zone3,60.03
1765194608.21,CAM_004,Av. Petit Thouars,55,6,21,6,88,0.0414,88,14.77,2.01,zone4,60.03
1765194651.96,CAM_001,Av. Javier Prado,10,0,0,0,10,0.0114,10,7.06,0.47,zone1,60.08
1765194651.96,CAM_002,Av. Arequipa,69,1,0,0,70,0.0395,70,1.81,5.57,zone2,60.08
1765194651.96,CAM_003,Av. Salaverry,69,1,0,0,70,0.0395,70,1.81,5.57,zone3,60.08
1765194651.96,CAM_004,Av. Petit Thouars,69,1,0,0,70,0.0395,70,1.81,5.57,zone4,60.08
1765194656.96,CAM_001,Av. Javier Prado,10,0,6,0,16,0.0251,16,7.05,0.54,zone1,60.01
1765194656.96,CAM_002,Av. Arequipa,15,0,8,0,23,0.0166,23,4.63,0.82,zone2,60.01
1765194656.96,CAM_003,Av. Salaverry,15,0,8,0,23,0.0166,23,4.63,0.82,zone3,60.01
1765194656.96,CAM_004,Av. Petit Thouars,15,0,8,0,23,0.0166,23,4.63,0.82,zone4,60.01
1765194662.56,CAM_001,Av. Javier Prado,5,2,4,5,16,0.2091,16,7.14,1.13,zone1,60.04
1765194662.56,CAM_002,Av. Arequipa,9,2,4,9,24,0.1202,24,8.18,1.22,zone2,60.04
1765194662.56,CAM_003,Av. Salaverry,9,2,4,9,24,0.1202,24,8.18,1.22,zone3,60.04
1765194662.56,CAM_004,Av. Petit Thouars,9,2,4,9,24,0.1202,24,8.18,1.22,zone4,60.04
1765194668.27,CAM_001,Av. Javier Prado,58,1,2,6,67,0.0394,67,9.78,0.85,zone1,60.07
1765194668.27,CAM_002,Av. Arequipa,128,5,4,10,147,0.0339,147,7.34,2.46,zone2,60.07
1765194668.27,CAM_003,Av. Salaverry,128,5,4,10,147,0.0339,147,7.34,2.46,zone3,60.07
1765194668.27,CAM_004,Av. Petit Thouars,128,5,4,10,147,0.0339,147,7.34,2.46,zone4,60.07
1765194712.01,CAM_001,Av. Javier Prado,66,2,2,2,72,0.1836,72,9.08,4.64,zone1,60.05
1765194712.01,CAM_002,Av. Arequipa,161,3,3,2,169,0.1360,169,6.97,10.60,zone2,60.05
1765194712.01,CAM_003,Av. Salaverry,161,3,3,2,169,0.1360,169,6.97,10.60,zone3,60.05
1765194712.01,CAM_004,Av. Petit Thouars,161,3,3,2,169,0.1360,169,6.97,10.60,zone4,60.05
1765194717.03,CAM_001,Av. Javier Prado,14,2,5,0,21,0.0479,21,7.32,1.13,zone1,60.07
1765194717.03,CAM_002,Av. Arequipa,22,2,4,0,28,0.0244,28,4.54,1.43,zone2,60.07
1765194717.03,CAM_003,Av. Salaverry,22,2,4,0,28,0.0244,28,4.54,1.43,zone3,60.07
1765194717.03,CAM_004,Av. Petit Thouars,22,2,4,0,28,0.0244,28,4.54,1.43,zone4,60.07
1765194722.60,CAM_001,Av. Javier Prado,5,2,3,4,14,0.2275,14,9.42,1.27,zone1,60.05
1765194722.60,CAM_002,Av. Arequipa,7,2,5,5,19,0.1297,19,10.14,1.38,zone2,60.05
1765194722.60,CAM_003,Av. Salaverry,7,2,5,5,19,0.1297,19,10.14,1.38,zone3,60.05
1765194722.60,CAM_004,Av. Petit Thouars,7,2,5,5,19,0.1297,19,10.14,1.38,zone4,60.05
1765194728.37,CAM_001,Av. Javier Prado,42,1,6,9,58,0.0666,58,14.93,1.18,zone1,60.10
1765194728.37,CAM_002,Av. Arequipa,99,1,17,12,129,0.0418,129,10.13,2.54,zone2,60.10
1765194728.37,CAM_003,Av. Salaverry,99,1,17,12,129,0.0418,129,10.13,2.54,zone3,60.10
1765194728.37,CAM_004,Av. Petit Thouars,99,1,17,12,129,0.0418,129,10.13,2.54,zone4,60.10
1765194772.01,CAM_001,Av. Javier Prado,6,0,0,1,7,0.0051,7,7.26,0.20,zone1,60.00
1765194772.01,CAM_002,Av. Arequipa,70,3,0,1,74,0.0270,74,2.21,4.73,zone2,60.00
1765194772.01,CAM_003,Av. Salaverry,70,3,0,1,74,0.0270,74,2.21,4.73,zone3,60.00
1765194772.01,CAM_004,Av. Petit Thouars,70,3,0,1,74,0.0270,74,2.21,4.73,zone4,60.00
1765194777.11,CAM_001,Av. Javier Prado,20,0,0,0,20,0.0674,20,6.14,2.37,zone1,60.08
1765194777.11,CAM_002,Av. Arequipa,26,0,0,0,26,0.0228,26,5.49,2.26,zone2,60.08
1765194777.11,CAM_003,Av. Salaverry,26,0,0,0,26,0.0228,26,5.49,2.26,zone3,60.08
1765194777.11,CAM_004,Av. Petit Thouars,26,0,0,0,26,0.0228,26,5.49,2.26,zone4,60.08
1765194782.61,CAM_001,Av. Javier Prado,7,3,4,3,17,0.2555,17,10.46,1.29,zone1,60.00
1765194782.61,CAM_002,Av. Arequipa,12,2,6,10,30,0.1704,30,10.71,1.64,zone2,60.00
1765194782.61,CAM_003,Av. Salaverry,12,2,6,10,30,0.1704,30,10.71,1.64,zone3,60.00
1765194782.61,CAM_004,Av. Petit Thouars,12,2,6,10,30,0.1704,30,10.71,1.64,zone4,60.00
1765194788.42,CAM_001,Av. Javier Prado,53,2,10,1,66,0.0661,66,13.49,1.15,zone1,60.05
1765194788.42,CAM_002,Av. Arequipa,89,3,22,6,120,0.0550,120,9.99,2.65,zone2,60.05
1765194788.42,CAM_003,Av. Salaverry,89,3,22,6,120,0.0550,120,9.99,2.65,zone3,60.05
1765194788.42,CAM_004,Av. Petit Thouars,89,3,22,6,120,0.0550,120,9.99,2.65,zone4,60.05
1765194832.07,CAM_001,Av. Javier Prado,54,2,0,0,56,0.1425,56,10.11,2.99,zone1,60.06
1765194832.07,CAM_002,Av. Arequipa,144,2,3,0,149,0.1075,149,6.26,8.28,zone2,60.06
1765194832.07,CAM_003,Av. Salaverry,144,2,3,0,149,0.1075,149,6.26,8.28,zone3,60.06
1765194832.07,CAM_004,Av. Petit Thouars,144,2,3,0,149,0.1075,149,6.26,8.28,zone4,60.06
1765194837.18,CAM_001,Av. Javier Prado,19,0,4,0,23,0.0646,23,5.55,1.77,zone1,60.07
1765194837.18,CAM_002,Av. Arequipa,27,0,3,0,30,0.0327,30,4.05,2.24,zone2,60.07
1765194837.18,CAM_003,Av. Salaverry,27,0,3,0,30,0.0327,30,4.05,2.24,zone3,60.07
1765194837.18,CAM_004,Av. Petit Thouars,27,0,3,0,30,0.0327,30,4.05,2.24,zone4,60.07
1765194842.67,CAM_001,Av. Javier Prado,1,1,3,3,8,0.1686,8,7.63,0.86,zone1,60.07
1765194842.67,CAM_002,Av. Arequipa,3,1,4,14,22,0.0955,22,8.77,1.09,zone2,60.07
1765194842.67,CAM_003,Av. Salaverry,3,1,4,14,22,0.0955,22,8.77,1.09,zone3,60.07
1765194842.67,CAM_004,Av. Petit Thouars,3,1,4,14,22,0.0955,22,8.77,1.09,zone4,60.07
1765194848.52,CAM_001,Av. Javier Prado,50,6,13,6,75,0.1910,75,12.86,1.80,zone1,60.10
1765194848.52,CAM_002,Av. Arequipa,83,4,16,9,112,0.0702,112,8.68,3.04,zone2,60.10
1765194848.52,CAM_003,Av. Salaverry,83,4,16,9,112,0.0702,112,8.68,3.04,zone3,60.10
1765194848.52,CAM_004,Av. Petit Thouars,83,4,16,9,112,0.0702,112,8.68,3.04,zone4,60.10
1765194892.15,CAM_001,Av. Javier Prado,15,0,0,0,15,0.0442,15,7.07,1.28,zone1,60.08
1765194892.15,CAM_002,Av. Arequipa,82,3,5,0,90,0.0575,90,3.72,5.78,zone2,60.08
1765194892.15,CAM_003,Av. Salaverry,82,3,5,0,90,0.0575,90,3.72,5.78,zone3,60.08
1765194892.15,CAM_004,Av. Petit Thouars,82,3,5,0,90,0.0575,90,3.72,5.78,zone4,60.08
1765194897.24,CAM_001,Av. Javier Prado,22,0,1,0,23,0.1147,23,5.42,2.75,zone1,60.06
1765194897.24,CAM_002,Av. Arequipa,25,0,0,0,25,0.0235,25,5.70,2.00,zone2,60.06
1765194897.24,CAM_003,Av. Salaverry,25,0,0,0,25,0.0235,25,5.70,2.00,zone3,60.06
1765194897.24,CAM_004,Av. Petit Thouars,25,0,0,0,25,0.0235,25,5.70,2.00,zone4,60.06
1765194902.68,CAM_001,Av. Javier Prado,1,2,1,10,14,0.1793,14,7.82,0.93,zone1,60.01
1765194902.68,CAM_002,Av. Arequipa,6,1,1,21,29,0.0993,29,10.34,1.10,zone2,60.01
1765194902.68,CAM_003,Av. Salaverry,6,1,1,21,29,0.0993,29,10.34,1.10,zone3,60.01
1765194902.68,CAM_004,Av. Petit Thouars,6,1,1,21,29,0.0993,29,10.34,1.10,zone4,60.01
1765194908.52,CAM_001,Av. Javier Prado,33,2,12,0,47,0.0922,47,22.41,1.09,zone1,60.00
1765194908.52,CAM_002,Av. Arequipa,62,5,20,0,87,0.0587,87,11.75,3.16,zone2,60.00
1765194908.52,CAM_003,Av. Salaverry,62,5,20,0,87,0.0587,87,11.75,3.16,zone3,60.00
1765194908.52,CAM_004,Av. Petit Thouars,62,5,20,0,87,0.0587,87,11.75,3.16,zone4,60.00
1765194952.20,CAM_001,Av. Javier Prado,36,1,0,0,37,0.0772,37,9.77,2.38,zone1,60.04
1765194952.20,CAM_002,Av. Arequipa,104,5,9,0,118,0.0814,118,4.53,8.08,zone2,60.04
1765194952.20,CAM_003,Av. Salaverry,104,5,9,0,118,0.0814,118,4.53,8.08,zone3,60.04
1765194952.20,CAM_004,Av. Petit Thouars,104,5,9,0,118,0.0814,118,4.53,8.08,zone4,60.04
1765194957.29,CAM_001,Av. Javier Prado,28,0,3,0,31,0.0487,31,4.48,1.82,zone1,60.05
1765194957.29,CAM_002,Av. Arequipa,36,0,2,0,38,0.0258,38,3.98,1.89,zone2,60.05
1765194957.29,CAM_003,Av. Salaverry,36,0,2,0,38,0.0258,38,3.98,1.89,zone3,60.05
1765194957.29,CAM_004,Av. Petit Thouars,36,0,2,0,38,0.0258,38,3.98,1.89,zone4,60.05
1765194962.74,CAM_001,Av. Javier Prado,7,2,4,5,18,0.1750,18,9.66,0.93,zone1,60.05
1765194962.74,CAM_002,Av. Arequipa,13,2,5,3,23,0.1094,23,11.63,1.06,zone2,60.05
1765194962.74,CAM_003,Av. Salaverry,13,2,5,3,23,0.1094,23,11.63,1.06,zone3,60.05
1765194962.74,CAM_004,Av. Petit Thouars,13,2,5,3,23,0.1094,23,11.63,1.06,zone4,60.05
1765194968.52,CAM_001,Av. Javier Prado,41,5,6,10,62,0.0607,62,8.13,1.43,zone1,60.00
1765194968.52,CAM_002,Av. Arequipa,85,4,16,11,116,0.0511,116,7.29,3.02,zone2,60.00
1765194968.52,CAM_003,Av. Salaverry,85,4,16,11,116,0.0511,116,7.29,3.02,zone3,60.00
1765194968.52,CAM_004,Av. Petit Thouars,85,4,16,11,116,0.0511,116,7.29,3.02,zone4,60.00
1765195012.25,CAM_001,Av. Javier Prado,37,2,2,1,42,0.0673,42,13.51,1.48,zone1,60.06
1765195012.25,CAM_002,Av. Arequipa,114,3,3,1,121,0.0716,121,6.23,6.46,zone2,60.06
1765195012.25,CAM_003,Av. Salaverry,114,3,3,1,121,0.0716,121,6.23,6.46,zone3,60.06
1765195012.25,CAM_004,Av. Petit Thouars,114,3,3,1,121,0.0716,121,6.23,6.46,zone4,60.06
1765195017.31,CAM_001,Av. Javier Prado,16,2,1,0,19,0.0592,19,2.79,1.98,zone1,60.02
1765195017.31,CAM_002,Av. Arequipa,19,1,0,0,20,0.0116,20,4.47,1.04,zone2,60.02
1765195017.31,CAM_003,Av. Salaverry,19,1,0,0,20,0.0116,20,4.47,1.04,zone3,60.02
1765195017.31,CAM_004,Av. Petit Thouars,19,1,0,0,20,0.0116,20,4.47,1.04,zone4,60.02
1765195022.80,CAM_001,Av. Javier Prado,4,0,1,7,12,0.1263,12,4.53,0.72,zone1,60.06
1765195022.80,CAM_002,Av. Arequipa,9,0,1,13,23,0.0708,23,6.50,0.88,zone2,60.06
1765195022.80,CAM_003,Av. Salaverry,9,0,1,13,23,0.0708,23,6.50,0.88,zone3,60.06
1765195022.80,CAM_004,Av. Petit Thouars,9,0,1,13,23,0.0708,23,6.50,0.88,zone4,60.06
1765195028.58,CAM_001,Av. Javier Prado,40,3,5,7,55,0.0582,55,6.66,1.49,zone1,60.05
1765195028.58,CAM_002,Av. Arequipa,71,6,13,11,101,0.0434,101,5.87,2.28,zone2,60.05
1765195028.58,CAM_003,Av. Salaverry,71,6,13,11,101,0.0434,101,5.87,2.28,zone3,60.05
1765195028.58,CAM_004,Av. Petit Thouars,71,6,13,11,101,0.0434,101,5.87,2.28,zone4,60.05
1765195072.32,CAM_001,Av. Javier Prado,8,0,2,0,10,0.0075,10,10.38,0.25,zone1,60.06
1765195072.32,CAM_002,Av. Arequipa,48,6,5,0,59,0.0413,59,1.43,5.35,zone2,60.06
1765195072.32,CAM_003,Av. Salaverry,48,6,5,0,59,0.0413,59,1.43,5.35,zone3,60.06
1765195072.32,CAM_004,Av. Petit Thouars,48,6,5,0,59,0.0413,59,1.43,5.35,zone4,60.06
1765195077.43,CAM_001,Av. Javier Prado,28,1,6,0,35,0.0669,35,7.15,2.16,zone1,60.12
1765195077.43,CAM_002,Av. Arequipa,33,0,8,0,41,0.0369,41,6.32,2.57,zone2,60.12
1765195077.43,CAM_003,Av. Salaverry,33,0,8,0,41,0.0369,41,6.32,2.57,zone3,60.12
1765195077.43,CAM_004,Av. Petit Thouars,33,0,8,0,41,0.0369,41,6.32,2.57,zone4,60.12
1765195082.82,CAM_001,Av. Javier Prado,2,0,4,8,14,0.1821,14,4.73,0.93,zone1,60.02
1765195082.82,CAM_002,Av. Arequipa,3,0,7,6,16,0.0717,16,10.17,0.71,zone2,60.02
1765195082.82,CAM_003,Av. Salaverry,3,0,7,6,16,0.0717,16,10.17,0.71,zone3,60.02
1765195082.82,CAM_004,Av. Petit Thouars,3,0,7,6,16,0.0717,16,10.17,0.71,zone4,60.02
1765195088.58,CAM_001,Av. Javier Prado,37,0,2,3,42,0.0466,42,9.96,0.84,zone1,60.00
1765195088.58,CAM_002,Av. Arequipa,53,2,10,3,68,0.0287,68,9.24,1.55,zone2,60.00
1765195088.58,CAM_003,Av. Salaverry,53,2,10,3,68,0.0287,68,9.24,1.55,zone3,60.00
1765195088.58,CAM_004,Av. Petit Thouars,53,2,10,3,68,0.0287,68,9.24,1.55,zone4,60.00
1765195132.37,CAM_001,Av. Javier Prado,55,1,2,0,58,0.1308,58,11.62,3.47,zone1,60.05
1765195132.37,CAM_002,Av. Arequipa,138,1,4,0,143,0.1033,143,7.99,8.86,zone2,60.05
1765195132.37,CAM_003,Av. Salaverry,138,1,4,0,143,0.1033,143,7.99,8.86,zone3,60.05
1765195132.37,CAM_004,Av. Petit Thouars,138,1,4,0,143,0.1033,143,7.99,8.86,zone4,60.05
1765195137.50,CAM_001,Av. Javier Prado,25,1,5,0,31,0.1027,31,3.95,2.60,zone1,60.07
1765195137.50,CAM_002,Av. Arequipa,23,1,5,0,29,0.0378,29,4.21,2.39,zone2,60.07
1765195137.50,CAM_003,Av. Salaverry,23,1,5,0,29,0.0378,29,4.21,2.39,zone3,60.07
1765195137.50,CAM_004,Av. Petit Thouars,23,1,5,0,29,0.0378,29,4.21,2.39,zone4,60.07
1765195142.83,CAM_001,Av. Javier Prado,5,1,6,4,16,0.1196,16,7.68,0.66,zone1,60.01
1765195142.83,CAM_002,Av. Arequipa,6,1,6,12,25,0.0771,25,8.31,0.82,zone2,60.01
1765195142.83,CAM_003,Av. Salaverry,6,1,6,12,25,0.0771,25,8.31,0.82,zone3,60.01
1765195142.83,CAM_004,Av. Petit Thouars,6,1,6,12,25,0.0771,25,8.31,0.82,zone4,60.01
1765195148.60,CAM_001,Av. Javier Prado,28,1,7,9,45,0.0729,45,9.48,1.06,zone1,60.03
1765195148.60,CAM_002,Av. Arequipa,65,1,8,17,91,0.0400,91,7.84,1.81,zone2,60.03
1765195148.60,CAM_003,Av. Salaverry,65,1,8,17,91,0.0400,91,7.84,1.81,zone3,60.03
1765195148.60,CAM_004,Av. Petit Thouars,65,1,8,17,91,0.0400,91,7.84,1.81,zone4,60.03
1765195192.37,CAM_001,Av. Javier Prado,6,0,0,1,7,0.0125,7,1.90,0.85,zone1,60.00
1765195192.37,CAM_002,Av. Arequipa,55,3,3,3,64,0.0264,64,1.59,4.83,zone2,60.00
1765195192.37,CAM_003,Av. Salaverry,55,3,3,3,64,0.0264,64,1.59,4.83,zone3,60.00
1765195192.37,CAM_004,Av. Petit Thouars,55,3,3,3,64,0.0264,64,1.59,4.83,zone4,60.00
1765195197.53,CAM_001,Av. Javier Prado,21,0,0,0,21,0.0407,21,9.99,1.49,zone1,60.04
1765195197.53,CAM_002,Av. Arequipa,32,0,0,0,32,0.0182,32,8.16,1.67,zone2,60.04
1765195197.53,CAM_003,Av. Salaverry,32,0,0,0,32,0.0182,32,8.16,1.67,zone3,60.04
1765195197.53,CAM_004,Av. Petit Thouars,32,0,0,0,32,0.0182,32,8.16,1.67,zone4,60.04
1765195202.84,CAM_001,Av. Javier Prado,10,7,20,15,52,0.4570,52,4.06,1.45,zone1,60.01
1765195202.84,CAM_002,Av. Arequipa,13,2,2,22,39,0.1064,39,8.03,1.26,zone2,60.01
1765195202.84,CAM_003,Av. Salaverry,13,2,2,22,39,0.1064,39,8.03,1.26,zone3,60.01
1765195202.84,CAM_004,Av. Petit Thouars,13,2,2,22,39,0.1064,39,8.03,1.26,zone4,60.01
1765195208.69,CAM_001,Av. Javier Prado,31,1,11,3,46,0.0569,46,11.53,1.20,zone1,60.08
1765195208.69,CAM_002,Av. Arequipa,63,3,14,6,86,0.0293,86,8.58,1.78,zone2,60.08
1765195208.69,CAM_003,Av. Salaverry,63,3,14,6,86,0.0293,86,8.58,1.78,zone3,60.08
1765195208.69,CAM_004,Av. Petit Thouars,63,3,14,6,86,0.0293,86,8.58,1.78,zone4,60.08
1765195252.42,CAM_001,Av. Javier Prado,43,1,1,0,45,0.1259,45,8.41,3.60,zone1,60.05
1765195252.42,CAM_002,Av. Arequipa,133,5,2,0,140,0.0956,140,6.47,8.48,zone2,60.05
1765195252.42,CAM_003,Av. Salaverry,133,5,2,0,140,0.0956,140,6.47,8.48,zone3,60.05
1765195252.42,CAM_004,Av. Petit Thouars,133,5,2,0,140,0.0956,140,6.47,8.48,zone4,60.05
1765195257.54,CAM_001,Av. Javier Prado,18,3,1,0,22,0.0588,22,5.01,1.86,zone1,60.01
1765195257.54,CAM_002,Av. Arequipa,25,3,0,0,28,0.0257,28,4.09,1.92,zone2,60.01
1765195257.54,CAM_003,Av. Salaverry,25,3,0,0,28,0.0257,28,4.09,1.92,zone3,60.01
1765195257.54,CAM_004,Av. Petit Thouars,25,3,0,0,28,0.0257,28,4.09,1.92,zone4,60.01
1765195262.89,CAM_001,Av. Javier Prado,1,10,28,2,41,0.8635,41,1.14,1.76,zone1,60.04
1765195262.89,CAM_002,Av. Arequipa,3,0,2,8,13,0.0263,13,9.49,0.34,zone2,60.04
1765195262.89,CAM_003,Av. Salaverry,3,0,2,8,13,0.0263,13,9.49,0.34,zone3,60.04
1765195262.89,CAM_004,Av. Petit Thouars,3,0,2,8,13,0.0263,13,9.49,0.34,zone4,60.04
1765195268.72,CAM_001,Av. Javier Prado,31,3,4,6,44,0.0533,44,5.88,1.11,zone1,60.04
1765195268.72,CAM_002,Av. Arequipa,80,6,12,9,107,0.0549,107,5.18,2.75,zone2,60.04
1765195268.72,CAM_003,Av. Salaverry,80,6,12,9,107,0.0549,107,5.18,2.75,zone3,60.04
1765195268.72,CAM_004,Av. Petit Thouars,80,6,12,9,107,0.0549,107,5.18,2.75,zone4,60.04
1765195312.47,CAM_001,Av. Javier Prado,13,0,0,2,15,0.0332,15,7.12,0.88,zone1,60.05
1765195312.47,CAM_002,Av. Arequipa,92,1,0,2,95,0.0469,95,2.72,6.05,zone2,60.05
1765195312.47,CAM_003,Av. Salaverry,92,1,0,2,95,0.0469,95,2.72,6.05,zone3,60.05
1765195312.47,CAM_004,Av. Petit Thouars,92,1,0,2,95,0.0469,95,2.72,6.05,zone4,60.05
1765195317.62,CAM_001,Av. Javier Prado,22,0,1,0,23,0.0508,23,4.51,2.07,zone1,60.08
1765195317.62,CAM_002,Av. Arequipa,34,0,0,0,34,0.0269,34,4.17,2.44,zone2,60.08
1765195317.62,CAM_003,Av. Salaverry,34,0,0,0,34,0.0269,34,4.17,2.44,zone3,60.08
1765195317.62,CAM_004,Av. Petit Thouars,34,0,0,0,34,0.0269,34,4.17,2.44,zone4,60.08
1765195322.98,CAM_001,Av. Javier Prado,1,20,23,3,47,0.8571,47,0.88,1.78,zone1,60.09
1765195322.98,CAM_002,Av. Arequipa,5,0,1,12,18,0.0275,18,6.13,0.38,zone2,60.09
1765195322.98,CAM_003,Av. Salaverry,5,0,1,12,18,0.0275,18,6.13,0.38,zone3,60.09
1765195322.98,CAM_004,Av. Petit Thouars,5,0,1,12,18,0.0275,18,6.13,0.38,zone4,60.09
1765195328.73,CAM_001,Av. Javier Prado,45,4,10,8,67,0.1487,67,16.55,1.44,zone1,60.01
1765195328.73,CAM_002,Av. Arequipa,78,6,19,20,123,0.0719,123,10.86,2.46,zone2,60.01
1765195328.73,CAM_003,Av. Salaverry,78,6,19,20,123,0.0719,123,10.86,2.46,zone3,60.01
1765195328.73,CAM_004,Av. Petit Thouars,78,6,19,20,123,0.0719,123,10.86,2.46,zone4,60.01
1765195372.54,CAM_001,Av. Javier Prado,37,1,1,0,39,0.0540,39,8.98,1.29,zone1,60.07
1765195372.54,CAM_002,Av. Arequipa,90,4,1,0,95,0.0645,95,2.72,6.52,zone2,60.07
1765195372.54,CAM_003,Av. Salaverry,90,4,1,0,95,0.0645,95,2.72,6.52,zone3,60.07
1765195372.54,CAM_004,Av. Petit Thouars,90,4,1,0,95,0.0645,95,2.72,6.52,zone4,60.07
1765195377.73,CAM_001,Av. Javier Prado,26,2,10,0,38,0.0623,38,5.80,1.90,zone1,60.11
1765195377.73,CAM_002,Av. Arequipa,24,2,4,0,30,0.0224,30,5.48,2.18,zone2,60.11
1765195377.73,CAM_003,Av. Salaverry,24,2,4,0,30,0.0224,30,5.48,2.18,zone3,60.11
1765195377.73,CAM_004,Av. Petit Thouars,24,2,4,0,30,0.0224,30,5.48,2.18,zone4,60.11
1765195383.08,CAM_001,Av. Javier Prado,4,13,22,3,42,0.7727,42,1.38,1.47,zone1,60.11
1765195383.08,CAM_002,Av. Arequipa,8,0,2,6,16,0.0242,16,10.29,0.37,zone2,60.11
1765195383.08,CAM_003,Av. Salaverry,8,0,2,6,16,0.0242,16,10.29,0.37,zone3,60.11
1765195383.08,CAM_004,Av. Petit Thouars,8,0,2,6,16,0.0242,16,10.29,0.37,zone4,60.11
1765195388.76,CAM_001,Av. Javier Prado,42,1,11,0,54,0.0785,54,10.40,1.44,zone1,60.03
1765195388.76,CAM_002,Av. Arequipa,103,3,24,5,135,0.0625,135,9.22,3.41,zone2,60.03
1765195388.76,CAM_003,Av. Salaverry,103,3,24,5,135,0.0625,135,9.22,3.41,zone3,60.03
1765195388.76,CAM_004,Av. Petit Thouars,103,3,24,5,135,0.0625,135,9.22,3.41,zone4,60.03
1765195432.56,CAM_001,Av. Javier Prado,33,0,0,0,33,0.0927,33,7.59,2.78,zone1,60.02
1765195432.56,CAM_002,Av. Arequipa,118,0,0,0,118,0.0812,118,4.83,8.02,zone2,60.02
1765195432.56,CAM_003,Av. Salaverry,118,0,0,0,118,0.0812,118,4.83,8.02,zone3,60.02
1765195432.56,CAM_004,Av. Petit Thouars,118,0,0,0,118,0.0812,118,4.83,8.02,zone4,60.02
1765195437.75,CAM_001,Av. Javier Prado,28,1,5,0,34,0.0623,34,4.82,1.82,zone1,60.03
1765195437.75,CAM_002,Av. Arequipa,39,0,2,0,41,0.0321,41,3.87,2.56,zone2,60.03
1765195437.75,CAM_003,Av. Salaverry,39,0,2,0,41,0.0321,41,3.87,2.56,zone3,60.03
1765195437.75,CAM_004,Av. Petit Thouars,39,0,2,0,41,0.0321,41,3.87,2.56,zone4,60.03
1765195443.15,CAM_001,Av. Javier Prado,4,3,3,2,12,0.2260,12,8.82,1.03,zone1,60.07
1765195443.15,CAM_002,Av. Arequipa,14,3,3,5,25,0.1275,25,9.56,1.18,zone2,60.07
1765195443.15,CAM_003,Av. Salaverry,14,3,3,5,25,0.1275,25,9.56,1.18,zone3,60.07
1765195443.15,CAM_004,Av. Petit Thouars,14,3,3,5,25,0.1275,25,9.56,1.18,zone4,60.07
1765195448.80,CAM_001,Av. Javier Prado,33,1,2,13,49,0.0187,49,5.35,0.94,zone1,60.03
1765195448.80,CAM_002,Av. Arequipa,77,2,6,18,103,0.0237,103,5.35,2.23,zone2,60.03
1765195448.80,CAM_003,Av. Salaverry,77,2,6,18,103,0.0237,103,5.35,2.23,zone3,60.03
1765195448.80,CAM_004,Av. Petit Thouars,77,2,6,18,103,0.0237,103,5.35,2.23,zone4,60.03
1765195492.66,CAM_001,Av. Javier Prado,11,0,0,0,11,0.0163,11,10.18,0.59,zone1,60.10
1765195492.66,CAM_002,Av. Arequipa,56,2,3,0,61,0.0348,61,1.90,5.43,zone2,60.10
1765195492.66,CAM_003,Av. Salaverry,56,2,3,0,61,0.0348,61,1.90,5.43,zone3,60.10
1765195492.66,CAM_004,Av. Petit Thouars,56,2,3,0,61,0.0348,61,1.90,5.43,zone4,60.10
1765195497.84,CAM_001,Av. Javier Prado,17,0,0,0,17,0.0504,17,3.32,1.77,zone1,60.09
1765195497.84,CAM_002,Av. Arequipa,23,0,0,0,23,0.0351,23,2.04,2.49,zone2,60.09
1765195497.84,CAM_003,Av. Salaverry,23,0,0,0,23,0.0351,23,2.04,2.49,zone3,60.09
1765195497.84,CAM_004,Av. Petit Thouars,23,0,0,0,23,0.0351,23,2.04,2.49,zone4,60.09
1765195503.21,CAM_001,Av. Javier Prado,3,0,3,4,10,0.2176,10,8.81,1.12,zone1,60.06
1765195503.21,CAM_002,Av. Arequipa,9,1,5,12,27,0.1277,27,9.57,1.29,zone2,60.06
1765195503.21,CAM_003,Av. Salaverry,9,1,5,12,27,0.1277,27,9.57,1.29,zone3,60.06
1765195503.21,CAM_004,Av. Petit Thouars,9,1,5,12,27,0.1277,27,9.57,1.29,zone4,60.06
1765195508.83,CAM_001,Av. Javier Prado,25,1,8,9,43,0.0713,43,11.25,1.38,zone1,60.03
1765195508.83,CAM_002,Av. Arequipa,42,1,15,18,76,0.0448,76,8.59,2.29,zone2,60.03
1765195508.83,CAM_003,Av. Salaverry,42,1,15,18,76,0.0448,76,8.59,2.29,zone3,60.03
1765195508.83,CAM_004,Av. Petit Thouars,42,1,15,18,76,0.0448,76,8.59,2.29,zone4,60.03
1765195552.72,CAM_001,Av. Javier Prado,57,0,4,1,62,0.1400,62,8.99,3.54,zone1,60.06
1765195552.72,CAM_002,Av. Arequipa,162,2,4,2,170,0.1577,170,6.22,9.64,zone2,60.06
1765195552.72,CAM_003,Av. Salaverry,162,2,4,2,170,0.1577,170,6.22,9.64,zone3,60.06
1765195552.72,CAM_004,Av. Petit Thouars,162,2,4,2,170,0.1577,170,6.22,9.64,zone4,60.06
1765195557.86,CAM_001,Av. Javier Prado,25,0,0,0,25,0.0573,25,4.42,2.44,zone1,60.01
1765195557.86,CAM_002,Av. Arequipa,32,0,0,0,32,0.0333,32,3.12,2.92,zone2,60.01
1765195557.86,CAM_003,Av. Salaverry,32,0,0,0,32,0.0333,32,3.12,2.92,zone3,60.01
1765195557.86,CAM_004,Av. Petit Thouars,32,0,0,0,32,0.0333,32,3.12,2.92,zone4,60.01
1765195563.21,CAM_001,Av. Javier Prado,0,2,2,8,12,0.1846,12,7.25,0.95,zone1,60.00
1765195563.21,CAM_002,Av. Arequipa,1,2,2,8,13,0.0988,13,8.32,0.99,zone2,60.00
1765195563.21,CAM_003,Av. Salaverry,1,2,2,8,13,0.0988,13,8.32,0.99,zone3,60.00
1765195563.21,CAM_004,Av. Petit Thouars,1,2,2,8,13,0.0988,13,8.32,0.99,zone4,60.00
1765195568.89,CAM_001,Av. Javier Prado,30,0,3,0,33,0.0226,33,8.17,0.48,zone1,60.06
1765195568.89,CAM_002,Av. Arequipa,58,2,11,1,72,0.0300,72,5.36,1.96,zone2,60.06
1765195568.89,CAM_003,Av. Salaverry,58,2,11,1,72,0.0300,72,5.36,1.96,zone3,60.06
1765195568.89,CAM_004,Av. Petit Thouars,58,2,11,1,72,0.0300,72,5.36,1.96,zone4,60.06
1765195612.72,CAM_001,Av. Javier Prado,2,0,0,0,2,0.0027,2,4.71,0.14,zone1,60.00
1765195612.72,CAM_002,Av. Arequipa,41,5,0,1,47,0.0385,47,1.50,5.70,zone2,60.00
1765195612.72,CAM_003,Av. Salaverry,41,5,0,1,47,0.0385,47,1.50,5.70,zone3,60.00
1765195612.72,CAM_004,Av. Petit Thouars,41,5,0,1,47,0.0385,47,1.50,5.70,zone4,60.00
1765195617.92,CAM_001,Av. Javier Prado,30,0,2,0,32,0.0663,32,9.16,1.93,zone1,60.07
1765195617.92,CAM_002,Av. Arequipa,36,0,2,0,38,0.0202,38,8.43,1.67,zone2,60.07
1765195617.92,CAM_003,Av. Salaverry,36,0,2,0,38,0.0202,38,8.43,1.67,zone3,60.07
1765195617.92,CAM_004,Av. Petit Thouars,36,0,2,0,38,0.0202,38,8.43,1.67,zone4,60.07
1765195623.23,CAM_001,Av. Javier Prado,12,4,5,1,22,0.1336,22,12.65,0.77,zone1,60.02
1765195623.23,CAM_002,Av. Arequipa,21,4,8,16,49,0.0989,49,13.66,1.18,zone2,60.02
1765195623.23,CAM_003,Av. Salaverry,21,4,8,16,49,0.0989,49,13.66,1.18,zone3,60.02
1765195623.23,CAM_004,Av. Petit Thouars,21,4,8,16,49,0.0989,49,13.66,1.18,zone4,60.02
1765195628.92,CAM_001,Av. Javier Prado,56,0,12,1,69,0.0561,69,10.39,1.15,zone1,60.03
1765195628.92,CAM_002,Av. Arequipa,98,3,14,2,117,0.0265,117,6.17,1.79,zone2,60.03
1765195628.92,CAM_003,Av. Salaverry,98,3,14,2,117,0.0265,117,6.17,1.79,zone3,60.03
1765195628.92,CAM_004,Av. Petit Thouars,98,3,14,2,117,0.0265,117,6.17,1.79,zone4,60.03
1765195672.80,CAM_001,Av. Javier Prado,44,3,1,0,48,0.1274,48,10.53,2.68,zone1,60.08
1765195672.80,CAM_002,Av. Arequipa,125,8,1,0,134,0.1070,134,6.30,7.82,zone2,60.08
1765195672.80,CAM_003,Av. Salaverry,125,8,1,0,134,0.1070,134,6.30,7.82,zone3,60.08
1765195672.80,CAM_004,Av. Petit Thouars,125,8,1,0,134,0.1070,134,6.30,7.82,zone4,60.08
1765195677.99,CAM_001,Av. Javier Prado,19,1,1,0,21,0.0612,21,6.88,1.73,zone1,60.06
1765195677.99,CAM_002,Av. Arequipa,25,2,1,0,28,0.0191,28,7.83,1.54,zone2,60.06
1765195677.99,CAM_003,Av. Salaverry,25,2,1,0,28,0.0191,28,7.83,1.54,zone3,60.06
1765195677.99,CAM_004,Av. Petit Thouars,25,2,1,0,28,0.0191,28,7.83,1.54,zone4,60.06
1765195683.30,CAM_001,Av. Javier Prado,4,0,7,22,33,0.1272,33,10.36,0.94,zone1,60.07
1765195683.30,CAM_002,Av. Arequipa,10,0,9,29,48,0.0925,48,10.46,1.40,zone2,60.07
1765195683.30,CAM_003,Av. Salaverry,10,0,9,29,48,0.0925,48,10.46,1.40,zone3,60.07
1765195683.30,CAM_004,Av. Petit Thouars,10,0,9,29,48,0.0925,48,10.46,1.40,zone4,60.07
1765195688.96,CAM_001,Av. Javier Prado,36,7,9,1,53,0.0926,53,8.97,1.93,zone1,60.04
1765195688.96,CAM_002,Av. Arequipa,57,10,22,12,101,0.0608,101,8.23,3.26,zone2,60.04
1765195688.96,CAM_003,Av. Salaverry,57,10,22,12,101,0.0608,101,8.23,3.26,zone3,60.04
1765195688.96,CAM_004,Av. Petit Thouars,57,10,22,12,101,0.0608,101,8.23,3.26,zone4,60.04
1765195732.82,CAM_001,Av. Javier Prado,14,0,0,0,14,0.0288,14,11.15,0.72,zone1,60.02
1765195732.82,CAM_002,Av. Arequipa,78,0,0,0,78,0.0370,78,4.60,4.77,zone2,60.02
1765195732.82,CAM_003,Av. Salaverry,78,0,0,0,78,0.0370,78,4.60,4.77,zone3,60.02
1765195732.82,CAM_004,Av. Petit Thouars,78,0,0,0,78,0.0370,78,4.60,4.77,zone4,60.02
1765195738.08,CAM_001,Av. Javier Prado,20,2,8,0,30,0.0606,30,4.50,1.67,zone1,60.09
1765195738.08,CAM_002,Av. Arequipa,23,1,6,0,30,0.0221,30,4.72,1.38,zone2,60.09
1765195738.08,CAM_003,Av. Salaverry,23,1,6,0,30,0.0221,30,4.72,1.38,zone3,60.09
1765195738.08,CAM_004,Av. Petit Thouars,23,1,6,0,30,0.0221,30,4.72,1.38,zone4,60.09
1765195743.37,CAM_001,Av. Javier Prado,2,0,2,8,12,0.0273,12,17.42,0.25,zone1,60.07
1765195743.37,CAM_002,Av. Arequipa,5,0,3,11,19,0.0196,19,16.51,0.42,zone2,60.07
1765195743.37,CAM_003,Av. Salaverry,5,0,3,11,19,0.0196,19,16.51,0.42,zone3,60.07
1765195743.37,CAM_004,Av. Petit Thouars,5,0,3,11,19,0.0196,19,16.51,0.42,zone4,60.07
1765195748.98,CAM_001,Av. Javier Prado,47,1,7,9,64,0.0518,64,10.87,1.28,zone1,60.03
1765195748.98,CAM_002,Av. Arequipa,96,6,15,15,132,0.0554,132,8.69,2.92,zone2,60.03
1765195748.98,CAM_003,Av. Salaverry,96,6,15,15,132,0.0554,132,8.69,2.92,zone3,60.03
1765195748.98,CAM_004,Av. Petit Thouars,96,6,15,15,132,0.0554,132,8.69,2.92,zone4,60.03
1765195792.85,CAM_001,Av. Javier Prado,35,0,0,1,36,0.0621,36,10.79,1.62,zone1,60.03
1765195792.85,CAM_002,Av. Arequipa,119,5,3,1,128,0.0575,128,5.66,5.93,zone2,60.03
1765195792.85,CAM_003,Av. Salaverry,119,5,3,1,128,0.0575,128,5.66,5.93,zone3,60.03
1765195792.85,CAM_004,Av. Petit Thouars,119,5,3,1,128,0.0575,128,5.66,5.93,zone4,60.03
1765195798.08,CAM_001,Av. Javier Prado,18,5,8,0,31,0.0697,31,10.28,1.03,zone1,60.00
1765195798.08,CAM_002,Av. Arequipa,31,2,8,0,41,0.0295,41,7.05,1.70,zone2,60.00
1765195798.08,CAM_003,Av. Salaverry,31,2,8,0,41,0.0295,41,7.05,1.70,zone3,60.00
1765195798.08,CAM_004,Av. Petit Thouars,31,2,8,0,41,0.0295,41,7.05,1.70,zone4,60.00
1765195803.37,CAM_001,Av. Javier Prado,3,0,1,8,12,0.0171,12,15.45,0.26,zone1,60.00
1765195803.37,CAM_002,Av. Arequipa,9,0,2,13,24,0.0223,24,14.43,0.45,zone2,60.00
1765195803.37,CAM_003,Av. Salaverry,9,0,2,13,24,0.0223,24,14.43,0.45,zone3,60.00
1765195803.37,CAM_004,Av. Petit Thouars,9,0,2,13,24,0.0223,24,14.43,0.45,zone4,60.00
1765195809.04,CAM_001,Av. Javier Prado,31,2,11,0,44,0.0694,44,14.92,0.92,zone1,60.06
1765195809.04,CAM_002,Av. Arequipa,68,4,15,3,90,0.0360,90,12.07,1.58,zone2,60.06
1765195809.04,CAM_003,Av. Salaverry,68,4,15,3,90,0.0360,90,12.07,1.58,zone3,60.06
1765195809.04,CAM_004,Av. Petit Thouars,68,4,15,3,90,0.0360,90,12.07,1.58,zone4,60.06
1765195852.94,CAM_001,Av. Javier Prado,30,1,1,3,35,0.0693,35,8.29,1.88,zone1,60.09
1765195852.94,CAM_002,Av. Arequipa,99,4,2,4,109,0.0609,109,6.00,5.94,zone2,60.09
1765195852.94,CAM_003,Av. Salaverry,99,4,2,4,109,0.0609,109,6.00,5.94,zone3,60.09
1765195852.94,CAM_004,Av. Petit Thouars,99,4,2,4,109,0.0609,109,6.00,5.94,zone4,60.09
1765195858.12,CAM_001,Av. Javier Prado,25,0,2,0,27,0.0475,27,12.33,1.55,zone1,60.04
1765195858.12,CAM_002,Av. Arequipa,44,0,4,0,48,0.0609,48,5.91,3.05,zone2,60.04
1765195858.12,CAM_003,Av. Salaverry,44,0,4,0,48,0.0609,48,5.91,3.05,zone3,60.04
1765195858.12,CAM_004,Av. Petit Thouars,44,0,4,0,48,0.0609,48,5.91,3.05,zone4,60.04
1765195863.45,CAM_001,Av. Javier Prado,3,0,0,13,16,0.0083,16,14.83,0.16,zone1,60.08
1765195863.45,CAM_002,Av. Arequipa,9,0,0,23,32,0.0226,32,14.25,0.45,zone2,60.08
1765195863.45,CAM_003,Av. Salaverry,9,0,0,23,32,0.0226,32,14.25,0.45,zone3,60.08
1765195863.45,CAM_004,Av. Petit Thouars,9,0,0,23,32,0.0226,32,14.25,0.45,zone4,60.08
1765195869.04,CAM_001,Av. Javier Prado,40,3,9,6,58,0.0400,58,7.88,1.11,zone1,60.00
1765195869.04,CAM_002,Av. Arequipa,69,6,14,13,102,0.0296,102,8.33,1.98,zone2,60.00
1765195869.04,CAM_003,Av. Salaverry,69,6,14,13,102,0.0296,102,8.33,1.98,zone3,60.00
1765195869.04,CAM_004,Av. Petit Thouars,69,6,14,13,102,0.0296,102,8.33,1.98,zone4,60.00
1765195913.00,CAM_001,Av. Javier Prado,11,0,0,0,11,0.0058,11,5.33,0.31,zone1,60.06
1765195913.00,CAM_002,Av. Arequipa,58,2,0,0,60,0.0274,60,1.17,5.64,zone2,60.06
1765195913.00,CAM_003,Av. Salaverry,58,2,0,0,60,0.0274,60,1.17,5.64,zone3,60.06
1765195913.00,CAM_004,Av. Petit Thouars,58,2,0,0,60,0.0274,60,1.17,5.64,zone4,60.06
1765195918.20,CAM_001,Av. Javier Prado,23,1,1,0,25,0.0544,25,8.09,1.59,zone1,60.08
1765195918.20,CAM_002,Av. Arequipa,34,1,2,0,37,0.0295,37,6.73,1.96,zone2,60.08
1765195918.20,CAM_003,Av. Salaverry,34,1,2,0,37,0.0295,37,6.73,1.96,zone3,60.08
1765195918.20,CAM_004,Av. Petit Thouars,34,1,2,0,37,0.0295,37,6.73,1.96,zone4,60.08
1765195923.48,CAM_001,Av. Javier Prado,7,1,3,5,16,0.0615,16,20.36,0.38,zone1,60.03
1765195923.48,CAM_002,Av. Arequipa,11,1,5,10,27,0.0297,27,19.60,0.50,zone2,60.03
1765195923.48,CAM_003,Av. Salaverry,11,1,5,10,27,0.0297,27,19.60,0.50,zone3,60.03
1765195923.48,CAM_004,Av. Petit Thouars,11,1,5,10,27,0.0297,27,19.60,0.50,zone4,60.03
1765195929.14,CAM_001,Av. Javier Prado,28,1,5,4,38,0.0566,38,18.48,0.65,zone1,60.09
1765195929.14,CAM_002,Av. Arequipa,52,1,5,8,66,0.0170,66,10.25,1.17,zone2,60.09
1765195929.14,CAM_003,Av. Salaverry,52,1,5,8,66,0.0170,66,10.25,1.17,zone3,60.09
1765195929.14,CAM_004,Av. Petit Thouars,52,1,5,8,66,0.0170,66,10.25,1.17,zone4,60.09
1765195973.05,CAM_001,Av. Javier Prado,69,0,4,0,73,0.1604,73,12.13,3.74,zone1,60.05
1765195973.05,CAM_002,Av. Arequipa,169,0,4,1,174,0.1260,174,8.50,9.37,zone2,60.05
1765195973.05,CAM_003,Av. Salaverry,169,0,4,1,174,0.1260,174,8.50,9.37,zone3,60.05
1765195973.05,CAM_004,Av. Petit Thouars,169,0,4,1,174,0.1260,174,8.50,9.37,zone4,60.05
1765195978.20,CAM_001,Av. Javier Prado,25,2,2,0,29,0.0403,29,5.68,1.38,zone1,60.01
1765195978.20,CAM_002,Av. Arequipa,30,1,6,0,37,0.0292,37,3.59,1.84,zone2,60.01
1765195978.20,CAM_003,Av. Salaverry,30,1,6,0,37,0.0292,37,3.59,1.84,zone3,60.01
1765195978.20,CAM_004,Av. Petit Thouars,30,1,6,0,37,0.0292,37,3.59,1.84,zone4,60.01
1765195983.56,CAM_001,Av. Javier Prado,2,0,2,10,14,0.0179,14,21.12,0.25,zone1,60.08
1765195983.56,CAM_002,Av. Arequipa,3,0,5,23,31,0.0190,31,18.09,0.46,zone2,60.08
1765195983.56,CAM_003,Av. Salaverry,3,0,5,23,31,0.0190,31,18.09,0.46,zone3,60.08
1765195983.56,CAM_004,Av. Petit Thouars,3,0,5,23,31,0.0190,31,18.09,0.46,zone4,60.08
1765195989.19,CAM_001,Av. Javier Prado,19,4,9,0,32,0.0347,32,16.60,0.63,zone1,60.06
1765195989.19,CAM_002,Av. Arequipa,48,11,26,0,85,0.0384,85,11.86,1.84,zone2,60.06
1765195989.19,CAM_003,Av. Salaverry,48,11,26,0,85,0.0384,85,11.86,1.84,zone3,60.06
1765195989.19,CAM_004,Av. Petit Thouars,48,11,26,0,85,0.0384,85,11.86,1.84,zone4,60.06
1765196033.12,CAM_001,Av. Javier Prado,9,0,0,0,9,0.0094,9,3.58,0.48,zone1,60.08
1765196033.12,CAM_002,Av. Arequipa,57,0,0,1,58,0.0289,58,1.36,5.87,zone2,60.08
1765196033.12,CAM_003,Av. Salaverry,57,0,0,1,58,0.0289,58,1.36,5.87,zone3,60.08
1765196033.12,CAM_004,Av. Petit Thouars,57,0,0,1,58,0.0289,58,1.36,5.87,zone4,60.08
1765196038.22,CAM_001,Av. Javier Prado,30,2,3,0,35,0.0850,35,6.42,2.61,zone1,60.02
1765196038.22,CAM_002,Av. Arequipa,44,2,4,0,50,0.0510,50,4.52,3.46,zone2,60.02
1765196038.22,CAM_003,Av. Salaverry,44,2,4,0,50,0.0510,50,4.52,3.46,zone3,60.02
1765196038.22,CAM_004,Av. Petit Thouars,44,2,4,0,50,0.0510,50,4.52,3.46,zone4,60.02
1765196043.59,CAM_001,Av. Javier Prado,7,0,1,17,25,0.0463,25,15.68,0.58,zone1,60.03
1765196043.59,CAM_002,Av. Arequipa,12,0,2,22,36,0.0332,36,13.11,0.91,zone2,60.03
1765196043.59,CAM_003,Av. Salaverry,12,0,2,22,36,0.0332,36,13.11,0.91,zone3,60.03
1765196043.59,CAM_004,Av. Petit Thouars,12,0,2,22,36,0.0332,36,13.11,0.91,zone4,60.03
1765196049.27,CAM_001,Av. Javier Prado,46,3,5,1,55,0.0564,55,13.99,0.95,zone1,60.08
1765196049.27,CAM_002,Av. Arequipa,95,4,17,5,121,0.0390,121,9.36,2.14,zone2,60.08
1765196049.27,CAM_003,Av. Salaverry,95,4,17,5,121,0.0390,121,9.36,2.14,zone3,60.08
1765196049.27,CAM_004,Av. Petit Thouars,95,4,17,5,121,0.0390,121,9.36,2.14,zone4,60.08
1765196093.15,CAM_001,Av. Javier Prado,56,3,0,0,59,0.1380,59,12.80,3.02,zone1,60.03
1765196093.15,CAM_002,Av. Arequipa,143,6,1,0,150,0.0998,150,7.69,7.93,zone2,60.03
1765196093.15,CAM_003,Av. Salaverry,143,6,1,0,150,0.0998,150,7.69,7.93,zone3,60.03
1765196093.15,CAM_004,Av. Petit Thouars,143,6,1,0,150,0.0998,150,7.69,7.93,zone4,60.03
1765196098.29,CAM_001,Av. Javier Prado,28,0,1,0,29,0.0869,29,6.54,2.97,zone1,60.06
1765196098.29,CAM_002,Av. Arequipa,34,0,2,0,36,0.0288,36,6.41,2.96,zone2,60.06
1765196098.29,CAM_003,Av. Salaverry,34,0,2,0,36,0.0288,36,6.41,2.96,zone3,60.06
1765196098.29,CAM_004,Av. Petit Thouars,34,0,2,0,36,0.0288,36,6.41,2.96,zone4,60.06
1765196103.64,CAM_001,Av. Javier Prado,7,0,4,10,21,0.0181,21,6.60,0.26,zone1,60.05
1765196103.64,CAM_002,Av. Arequipa,14,0,9,21,44,0.0462,44,7.84,0.92,zone2,60.05
1765196103.64,CAM_003,Av. Salaverry,14,0,9,21,44,0.0462,44,7.84,0.92,zone3,60.05
1765196103.64,CAM_004,Av. Petit Thouars,14,0,9,21,44,0.0462,44,7.84,0.92,zone4,60.05
1765196109.35,CAM_001,Av. Javier Prado,39,3,9,1,52,0.0993,52,17.27,0.86,zone1,60.08
1765196109.35,CAM_002,Av. Arequipa,74,4,15,2,95,0.0511,95,11.26,2.02,zone2,60.08
1765196109.35,CAM_003,Av. Salaverry,74,4,15,2,95,0.0511,95,11.26,2.02,zone3,60.08
1765196109.35,CAM_004,Av. Petit Thouars,74,4,15,2,95,0.0511,95,11.26,2.02,zone4,60.08
1765196153.21,CAM_001,Av. Javier Prado,15,0,0,0,15,0.0350,15,8.38,1.05,zone1,60.06
1765196153.21,CAM_002,Av. Arequipa,58,3,0,0,61,0.0389,61,6.47,3.56,zone2,60.06
1765196153.21,CAM_003,Av. Salaverry,58,3,0,0,61,0.0389,61,6.47,3.56,zone3,60.06
1765196153.21,CAM_004,Av. Petit Thouars,58,3,0,0,61,0.0389,61,6.47,3.56,zone4,60.06
1765196158.32,CAM_001,Av. Javier Prado,40,0,2,0,42,0.0882,42,5.40,3.00,zone1,60.03
1765196158.32,CAM_002,Av. Arequipa,56,0,2,0,58,0.0357,58,5.40,3.08,zone2,60.03
1765196158.32,CAM_003,Av. Salaverry,56,0,2,0,58,0.0357,58,5.40,3.08,zone3,60.03
1765196158.32,CAM_004,Av. Petit Thouars,56,0,2,0,58,0.0357,58,5.40,3.08,zone4,60.03
1765196163.69,CAM_001,Av. Javier Prado,6,1,0,9,16,0.0141,16,21.84,0.18,zone1,60.05
1765196163.69,CAM_002,Av. Arequipa,16,1,1,16,34,0.0200,34,18.90,0.43,zone2,60.05
1765196163.69,CAM_003,Av. Salaverry,16,1,1,16,34,0.0200,34,18.90,0.43,zone3,60.05
1765196163.69,CAM_004,Av. Petit Thouars,16,1,1,16,34,0.0200,34,18.90,0.43,zone4,60.05
1765196169.41,CAM_001,Av. Javier Prado,40,3,14,0,57,0.0943,57,9.76,1.45,zone1,60.05
1765196169.41,CAM_002,Av. Arequipa,86,5,22,6,119,0.0643,119,8.22,2.60,zone2,60.05
1765196169.41,CAM_003,Av. Salaverry,86,5,22,6,119,0.0643,119,8.22,2.60,zone3,60.05
1765196169.41,CAM_004,Av. Petit Thouars,86,5,22,6,119,0.0643,119,8.22,2.60,zone4,60.05
1765196213.24,CAM_001,Av. Javier Prado,46,0,2,0,48,0.0692,48,14.80,1.80,zone1,60.03
1765196213.24,CAM_002,Av. Arequipa,119,5,1,0,125,0.0555,125,7.60,5.90,zone2,60.03
1765196213.24,CAM_003,Av. Salaverry,119,5,1,0,125,0.0555,125,7.60,5.90,zone3,60.03
1765196213.24,CAM_004,Av. Petit Thouars,119,5,1,0,125,0.0555,125,7.60,5.90,zone4,60.03
1765196218.38,CAM_001,Av. Javier Prado,14,0,2,0,16,0.0280,16,11.19,0.95,zone1,60.06
1765196218.38,CAM_002,Av. Arequipa,24,0,2,0,26,0.0150,26,7.70,1.26,zone2,60.06
1765196218.38,CAM_003,Av. Salaverry,24,0,2,0,26,0.0150,26,7.70,1.26,zone3,60.06
1765196218.38,CAM_004,Av. Petit Thouars,24,0,2,0,26,0.0150,26,7.70,1.26,zone4,60.06
1765196223.77,CAM_001,Av. Javier Prado,3,0,1,6,10,0.0237,10,17.67,0.28,zone1,60.08
1765196223.77,CAM_002,Av. Arequipa,8,0,5,9,22,0.0244,22,13.42,0.53,zone2,60.08
1765196223.77,CAM_003,Av. Salaverry,8,0,5,9,22,0.0244,22,13.42,0.53,zone3,60.08
1765196223.77,CAM_004,Av. Petit Thouars,8,0,5,9,22,0.0244,22,13.42,0.53,zone4,60.08
1765196229.43,CAM_001,Av. Javier Prado,43,5,11,19,78,0.0913,78,12.25,1.29,zone1,60.03
1765196229.43,CAM_002,Av. Arequipa,77,4,13,30,124,0.0442,124,7.89,2.30,zone2,60.03
1765196229.43,CAM_003,Av. Salaverry,77,4,13,30,124,0.0442,124,7.89,2.30,zone3,60.03
1765196229.43,CAM_004,Av. Petit Thouars,77,4,13,30,124,0.0442,124,7.89,2.30,zone4,60.03
1765196273.25,CAM_001,Av. Javier Prado,25,0,0,0,25,0.0258,25,17.62,0.79,zone1,60.01
1765196273.25,CAM_002,Av. Arequipa,110,4,1,0,115,0.0420,115,5.41,5.51,zone2,60.01
1765196273.25,CAM_003,Av. Salaverry,110,4,1,0,115,0.0420,115,5.41,5.51,zone3,60.01
1765196273.25,CAM_004,Av. Petit Thouars,110,4,1,0,115,0.0420,115,5.41,5.51,zone4,60.01
1765196278.42,CAM_001,Av. Javier Prado,17,0,4,0,21,0.0287,21,5.10,1.30,zone1,60.04
1765196278.42,CAM_002,Av. Arequipa,18,0,4,0,22,0.0135,22,4.79,1.39,zone2,60.04
1765196278.42,CAM_003,Av. Salaverry,18,0,4,0,22,0.0135,22,4.79,1.39,zone3,60.04
1765196278.42,CAM_004,Av. Petit Thouars,18,0,4,0,22,0.0135,22,4.79,1.39,zone4,60.04
1765196283.83,CAM_001,Av. Javier Prado,5,1,0,8,14,0.0144,14,14.53,0.17,zone1,60.06
1765196283.83,CAM_002,Av. Arequipa,13,0,1,14,28,0.0146,28,12.24,0.36,zone2,60.06
1765196283.83,CAM_003,Av. Salaverry,13,0,1,14,28,0.0146,28,12.24,0.36,zone3,60.06
1765196283.83,CAM_004,Av. Petit Thouars,13,0,1,14,28,0.0146,28,12.24,0.36,zone4,60.06
1765196289.46,CAM_001,Av. Javier Prado,25,7,17,2,51,0.1226,51,15.29,1.30,zone1,60.02
1765196289.46,CAM_002,Av. Arequipa,47,7,19,4,77,0.0521,77,13.07,1.96,zone2,60.02
1765196289.46,CAM_003,Av. Salaverry,47,7,19,4,77,0.0521,77,13.07,1.96,zone3,60.02
1765196289.46,CAM_004,Av. Petit Thouars,47,7,19,4,77,0.0521,77,13.07,1.96,zone4,60.02
1765196333.34,CAM_001,Av. Javier Prado,11,0,0,0,11,0.0188,11,12.81,0.54,zone1,60.09
1765196333.34,CAM_002,Av. Arequipa,75,5,0,0,80,0.0316,80,3.32,4.75,zone2,60.09
1765196333.34,CAM_003,Av. Salaverry,75,5,0,0,80,0.0316,80,3.32,4.75,zone3,60.09
1765196333.34,CAM_004,Av. Petit Thouars,75,5,0,0,80,0.0316,80,3.32,4.75,zone4,60.09
1765196338.43,CAM_001,Av. Javier Prado,22,0,0,0,22,0.0445,22,9.34,2.12,zone1,60.01
1765196338.43,CAM_002,Av. Arequipa,31,0,1,0,32,0.0417,32,5.98,2.86,zone2,60.01
1765196338.43,CAM_003,Av. Salaverry,31,0,1,0,32,0.0417,32,5.98,2.86,zone3,60.01
1765196338.43,CAM_004,Av. Petit Thouars,31,0,1,0,32,0.0417,32,5.98,2.86,zone4,60.01
1765196343.89,CAM_001,Av. Javier Prado,1,0,0,6,7,0.0073,7,27.64,0.08,zone1,60.06
1765196343.89,CAM_002,Av. Arequipa,5,0,1,14,20,0.0151,20,15.34,0.36,zone2,60.06
1765196343.89,CAM_003,Av. Salaverry,5,0,1,14,20,0.0151,20,15.34,0.36,zone3,60.06
1765196343.89,CAM_004,Av. Petit Thouars,5,0,1,14,20,0.0151,20,15.34,0.36,zone4,60.06
1765196349.47,CAM_001,Av. Javier Prado,45,8,14,7,74,0.1713,74,12.79,1.52,zone1,60.02
1765196349.47,CAM_002,Av. Arequipa,93,13,29,11,146,0.0889,146,9.40,2.90,zone2,60.02
1765196349.47,CAM_003,Av. Salaverry,93,13,29,11,146,0.0889,146,9.40,2.90,zone3,60.02
1765196349.47,CAM_004,Av. Petit Thouars,93,13,29,11,146,0.0889,146,9.40,2.90,zone4,60.02
1765196393.38,CAM_001,Av. Javier Prado,41,1,1,2,45,0.1055,45,9.48,2.95,zone1,60.04
1765196393.38,CAM_002,Av. Arequipa,118,2,3,2,125,0.0898,125,6.33,8.08,zone2,60.04
1765196393.38,CAM_003,Av. Salaverry,118,2,3,2,125,0.0898,125,6.33,8.08,zone3,60.04
1765196393.38,CAM_004,Av. Petit Thouars,118,2,3,2,125,0.0898,125,6.33,8.08,zone4,60.04
1765196398.46,CAM_001,Av. Javier Prado,28,2,3,0,33,0.0704,33,4.02,2.80,zone1,60.03
1765196398.46,CAM_002,Av. Arequipa,33,1,3,0,37,0.0367,37,3.20,3.66,zone2,60.03
1765196398.46,CAM_003,Av. Salaverry,33,1,3,0,37,0.0367,37,3.20,3.66,zone3,60.03
1765196398.46,CAM_004,Av. Petit Thouars,33,1,3,0,37,0.0367,37,3.20,3.66,zone4,60.03
1765196403.95,CAM_001,Av. Javier Prado,7,0,0,6,13,0.0076,13,16.71,0.17,zone1,60.06
1765196403.95,CAM_002,Av. Arequipa,14,0,5,17,36,0.0172,36,12.55,0.50,zone2,60.06
1765196403.95,CAM_003,Av. Salaverry,14,0,5,17,36,0.0172,36,12.55,0.50,zone3,60.06
1765196403.95,CAM_004,Av. Petit Thouars,14,0,5,17,36,0.0172,36,12.55,0.50,zone4,60.06
1765196409.48,CAM_001,Av. Javier Prado,50,6,13,6,75,0.1217,75,15.34,1.37,zone1,60.01
1765196409.48,CAM_002,Av. Arequipa,94,9,19,6,128,0.0637,128,11.88,2.59,zone2,60.01
1765196409.48,CAM_003,Av. Salaverry,94,9,19,6,128,0.0637,128,11.88,2.59,zone3,60.01
1765196409.48,CAM_004,Av. Petit Thouars,94,9,19,6,128,0.0637,128,11.88,2.59,zone4,60.01
1765196453.44,CAM_001,Av. Javier Prado,5,0,0,0,5,0.0031,5,5.22,0.15,zone1,60.05
1765196453.44,CAM_002,Av. Arequipa,50,13,9,3,75,0.0534,75,1.18,5.67,zone2,60.05
1765196453.44,CAM_003,Av. Salaverry,50,13,9,3,75,0.0534,75,1.18,5.67,zone3,60.05
1765196453.44,CAM_004,Av. Petit Thouars,50,13,9,3,75,0.0534,75,1.18,5.67,zone4,60.05
1765196458.54,CAM_001,Av. Javier Prado,28,0,2,0,30,0.0752,30,3.27,2.28,zone1,60.09
1765196458.54,CAM_002,Av. Arequipa,33,0,2,0,35,0.0257,35,3.58,2.14,zone2,60.09
1765196458.54,CAM_003,Av. Salaverry,33,0,2,0,35,0.0257,35,3.58,2.14,zone3,60.09
1765196458.54,CAM_004,Av. Petit Thouars,33,0,2,0,35,0.0257,35,3.58,2.14,zone4,60.09
1765196464.01,CAM_001,Av. Javier Prado,12,0,0,6,18,0.0955,18,12.97,0.52,zone1,60.06
1765196464.01,CAM_002,Av. Arequipa,18,1,2,13,34,0.0382,34,12.34,0.58,zone2,60.06
1765196464.01,CAM_003,Av. Salaverry,18,1,2,13,34,0.0382,34,12.34,0.58,zone3,60.06
1765196464.01,CAM_004,Av. Petit Thouars,18,1,2,13,34,0.0382,34,12.34,0.58,zone4,60.06
1765196469.51,CAM_001,Av. Javier Prado,60,14,11,8,93,0.0750,93,5.16,2.05,zone1,60.03
1765196469.51,CAM_002,Av. Arequipa,118,21,22,14,175,0.0833,175,7.75,4.70,zone2,60.03
1765196469.51,CAM_003,Av. Salaverry,118,21,22,14,175,0.0833,175,7.75,4.70,zone3,60.03
1765196469.51,CAM_004,Av. Petit Thouars,118,21,22,14,175,0.0833,175,7.75,4.70,zone4,60.03
1765196513.53,CAM_001,Av. Javier Prado,53,0,3,0,56,0.1609,56,7.25,4.03,zone1,60.10
1765196513.53,CAM_002,Av. Arequipa,139,1,1,0,141,0.1038,141,5.62,8.60,zone2,60.10
1765196513.53,CAM_003,Av. Salaverry,139,1,1,0,141,0.1038,141,5.62,8.60,zone3,60.10
1765196513.53,CAM_004,Av. Petit Thouars,139,1,1,0,141,0.1038,141,5.62,8.60,zone4,60.10
1765196518.56,CAM_001,Av. Javier Prado,32,0,0,0,32,0.0557,32,5.98,2.33,zone1,60.02
1765196518.56,CAM_002,Av. Arequipa,37,0,4,0,41,0.0323,41,5.14,3.03,zone2,60.02
1765196518.56,CAM_003,Av. Salaverry,37,0,4,0,41,0.0323,41,5.14,3.03,zone3,60.02
1765196518.56,CAM_004,Av. Petit Thouars,37,0,4,0,41,0.0323,41,5.14,3.03,zone4,60.02
1765196524.10,CAM_001,Av. Javier Prado,13,0,2,9,24,0.0800,24,13.78,0.75,zone1,60.09
1765196524.10,CAM_002,Av. Arequipa,21,0,5,14,40,0.0808,40,11.63,1.31,zone2,60.09
1765196524.10,CAM_003,Av. Salaverry,21,0,5,14,40,0.0808,40,11.63,1.31,zone3,60.09
1765196524.10,CAM_004,Av. Petit Thouars,21,0,5,14,40,0.0808,40,11.63,1.31,zone4,60.09
1765196529.52,CAM_001,Av. Javier Prado,33,1,7,22,63,0.0617,63,11.47,0.96,zone1,60.00
1765196529.52,CAM_002,Av. Arequipa,49,1,9,34,93,0.0250,93,6.92,1.55,zone2,60.00
1765196529.52,CAM_003,Av. Salaverry,49,1,9,34,93,0.0250,93,6.92,1.55,zone3,60.00
1765196529.52,CAM_004,Av. Petit Thouars,49,1,9,34,93,0.0250,93,6.92,1.55,zone4,60.00
1765196573.61,CAM_001,Av. Javier Prado,12,0,0,0,12,0.0212,12,10.10,0.63,zone1,60.08
1765196573.61,CAM_002,Av. Arequipa,70,0,0,0,70,0.0344,70,3.69,5.19,zone2,60.08
1765196573.61,CAM_003,Av. Salaverry,70,0,0,0,70,0.0344,70,3.69,5.19,zone3,60.08
1765196573.61,CAM_004,Av. Petit Thouars,70,0,0,0,70,0.0344,70,3.69,5.19,zone4,60.08
1765196578.62,CAM_001,Av. Javier Prado,27,2,3,0,32,0.0965,32,6.80,2.62,zone1,60.05
1765196578.62,CAM_002,Av. Arequipa,45,0,2,0,47,0.0479,47,5.00,3.23,zone2,60.05
1765196578.62,CAM_003,Av. Salaverry,45,0,2,0,47,0.0479,47,5.00,3.23,zone3,60.05
1765196578.62,CAM_004,Av. Petit Thouars,45,0,2,0,47,0.0479,47,5.00,3.23,zone4,60.05
1765196584.15,CAM_001,Av. Javier Prado,6,0,1,7,14,0.0236,14,14.90,0.25,zone1,60.05
1765196584.15,CAM_002,Av. Arequipa,11,0,5,12,28,0.0407,28,11.49,0.69,zone2,60.05
1765196584.15,CAM_003,Av. Salaverry,11,0,5,12,28,0.0407,28,11.49,0.69,zone3,60.05
1765196584.15,CAM_004,Av. Petit Thouars,11,0,5,12,28,0.0407,28,11.49,0.69,zone4,60.05
1765196589.59,CAM_001,Av. Javier Prado,28,11,13,1,53,0.0761,53,13.73,1.11,zone1,60.07
1765196589.59,CAM_002,Av. Arequipa,53,19,25,4,101,0.0655,101,9.31,3.03,zone2,60.07
1765196589.59,CAM_003,Av. Salaverry,53,19,25,4,101,0.0655,101,9.31,3.03,zone3,60.07
1765196589.59,CAM_004,Av. Petit Thouars,53,19,25,4,101,0.0655,101,9.31,3.03,zone4,60.07
1765196633.65,CAM_001,Av. Javier Prado,42,0,2,2,46,0.0678,46,13.39,1.51,zone1,60.05
1765196633.65,CAM_002,Av. Arequipa,128,5,3,1,137,0.0849,137,5.71,6.02,zone2,60.05
1765196633.65,CAM_003,Av. Salaverry,128,5,3,1,137,0.0849,137,5.71,6.02,zone3,60.05
1765196633.65,CAM_004,Av. Petit Thouars,128,5,3,1,137,0.0849,137,5.71,6.02,zone4,60.05
1765196638.63,CAM_001,Av. Javier Prado,43,0,1,0,44,0.0874,44,6.09,2.86,zone1,60.01
1765196638.63,CAM_002,Av. Arequipa,61,0,1,0,62,0.0324,62,6.00,2.80,zone2,60.01
1765196638.63,CAM_003,Av. Salaverry,61,0,1,0,62,0.0324,62,6.00,2.80,zone3,60.01
1765196638.63,CAM_004,Av. Petit Thouars,61,0,1,0,62,0.0324,62,6.00,2.80,zone4,60.01
1765196644.23,CAM_001,Av. Javier Prado,6,4,3,2,15,0.0468,15,18.94,0.29,zone1,60.08
1765196644.23,CAM_002,Av. Arequipa,9,4,6,6,25,0.0416,25,13.41,0.56,zone2,60.08
1765196644.23,CAM_003,Av. Salaverry,9,4,6,6,25,0.0416,25,13.41,0.56,zone3,60.08
1765196644.23,CAM_004,Av. Petit Thouars,9,4,6,6,25,0.0416,25,13.41,0.56,zone4,60.08
1765196649.64,CAM_001,Av. Javier Prado,50,0,5,8,63,0.0319,63,9.09,0.96,zone1,60.05
1765196649.64,CAM_002,Av. Arequipa,83,0,10,18,111,0.0317,111,6.75,2.00,zone2,60.05
1765196649.64,CAM_003,Av. Salaverry,83,0,10,18,111,0.0317,111,6.75,2.00,zone3,60.05
1765196649.64,CAM_004,Av. Petit Thouars,83,0,10,18,111,0.0317,111,6.75,2.00,zone4,60.05
1765196693.72,CAM_001,Av. Javier Prado,32,1,1,0,34,0.0535,34,14.61,1.41,zone1,60.07
1765196693.72,CAM_002,Av. Arequipa,103,12,2,0,117,0.0651,117,6.78,5.79,zone2,60.07
1765196693.72,CAM_003,Av. Salaverry,103,12,2,0,117,0.0651,117,6.78,5.79,zone3,60.07
1765196693.72,CAM_004,Av. Petit Thouars,103,12,2,0,117,0.0651,117,6.78,5.79,zone4,60.07
1765196698.65,CAM_001,Av. Javier Prado,23,0,6,0,29,0.0491,29,5.29,1.56,zone1,60.02
1765196698.65,CAM_002,Av. Arequipa,28,0,12,0,40,0.0300,40,2.44,2.65,zone2,60.02
1765196698.65,CAM_003,Av. Salaverry,28,0,12,0,40,0.0300,40,2.44,2.65,zone3,60.02
1765196698.65,CAM_004,Av. Petit Thouars,28,0,12,0,40,0.0300,40,2.44,2.65,zone4,60.02
1765196704.28,CAM_001,Av. Javier Prado,9,2,5,6,22,0.0602,22,20.08,0.35,zone1,60.05
1765196704.28,CAM_002,Av. Arequipa,11,2,8,12,33,0.0454,33,16.59,0.61,zone2,60.05
1765196704.28,CAM_003,Av. Salaverry,11,2,8,12,33,0.0454,33,16.59,0.61,zone3,60.05
1765196704.28,CAM_004,Av. Petit Thouars,11,2,8,12,33,0.0454,33,16.59,0.61,zone4,60.05
1765196709.66,CAM_001,Av. Javier Prado,58,2,6,2,68,0.0549,68,10.52,1.23,zone1,60.02
1765196709.66,CAM_002,Av. Arequipa,100,2,15,2,119,0.0427,119,9.71,2.16,zone2,60.02
1765196709.66,CAM_003,Av. Salaverry,100,2,15,2,119,0.0427,119,9.71,2.16,zone3,60.02
1765196709.66,CAM_004,Av. Petit Thouars,100,2,15,2,119,0.0427,119,9.71,2.16,zone4,60.02
1765196753.83,CAM_001,Av. Javier Prado,8,0,0,0,8,0.0049,8,6.60,0.20,zone1,60.11
1765196753.83,CAM_002,Av. Arequipa,84,3,3,0,90,0.0363,90,1.64,5.51,zone2,60.11
1765196753.83,CAM_003,Av. Salaverry,84,3,3,0,90,0.0363,90,1.64,5.51,zone3,60.11
1765196753.83,CAM_004,Av. Petit Thouars,84,3,3,0,90,0.0363,90,1.64,5.51,zone4,60.11
1765196758.75,CAM_001,Av. Javier Prado,27,0,3,0,30,0.0544,30,5.50,2.31,zone1,60.10
1765196758.75,CAM_002,Av. Arequipa,44,0,4,0,48,0.0331,48,3.36,4.02,zone2,60.10
1765196758.75,CAM_003,Av. Salaverry,44,0,4,0,48,0.0331,48,3.36,4.02,zone3,60.10
1765196758.75,CAM_004,Av. Petit Thouars,44,0,4,0,48,0.0331,48,3.36,4.02,zone4,60.10
1765196764.29,CAM_001,Av. Javier Prado,2,0,0,10,12,0.0217,12,10.71,0.24,zone1,60.02
1765196764.29,CAM_002,Av. Arequipa,7,0,4,14,25,0.0202,25,8.80,0.50,zone2,60.02
1765196764.29,CAM_003,Av. Salaverry,7,0,4,14,25,0.0202,25,8.80,0.50,zone3,60.02
1765196764.29,CAM_004,Av. Petit Thouars,7,0,4,14,25,0.0202,25,8.80,0.50,zone4,60.02
1765196769.67,CAM_001,Av. Javier Prado,21,9,2,3,35,0.0537,35,10.85,0.68,zone1,60.01
1765196769.67,CAM_002,Av. Arequipa,44,16,10,8,78,0.0462,78,8.75,2.73,zone2,60.01
1765196769.67,CAM_003,Av. Salaverry,44,16,10,8,78,0.0462,78,8.75,2.73,zone3,60.01
1765196769.67,CAM_004,Av. Petit Thouars,44,16,10,8,78,0.0462,78,8.75,2.73,zone4,60.01
1765196813.93,CAM_001,Av. Javier Prado,57,2,7,0,66,0.1747,66,12.94,3.38,zone1,60.09
1765196813.93,CAM_002,Av. Arequipa,146,7,12,0,165,0.1601,165,7.79,9.07,zone2,60.09
1765196813.93,CAM_003,Av. Salaverry,146,7,12,0,165,0.1601,165,7.79,9.07,zone3,60.09
1765196813.93,CAM_004,Av. Petit Thouars,146,7,12,0,165,0.1601,165,7.79,9.07,zone4,60.09
1765196818.84,CAM_001,Av. Javier Prado,26,0,1,0,27,0.0481,27,7.28,2.19,zone1,60.09
1765196818.84,CAM_002,Av. Arequipa,44,0,0,0,44,0.0281,44,3.37,4.28,zone2,60.09
1765196818.84,CAM_003,Av. Salaverry,44,0,0,0,44,0.0281,44,3.37,4.28,zone3,60.09
1765196818.84,CAM_004,Av. Petit Thouars,44,0,0,0,44,0.0281,44,3.37,4.28,zone4,60.09
1765196824.32,CAM_001,Av. Javier Prado,8,1,3,4,16,0.1887,16,8.73,0.69,zone1,60.03
1765196824.32,CAM_002,Av. Arequipa,13,0,0,13,26,0.0214,26,13.77,0.58,zone2,60.03
1765196824.32,CAM_003,Av. Salaverry,13,0,0,13,26,0.0214,26,13.77,0.58,zone3,60.03
1765196824.32,CAM_004,Av. Petit Thouars,13,0,0,13,26,0.0214,26,13.77,0.58,zone4,60.03
1765196829.71,CAM_001,Av. Javier Prado,66,2,4,1,73,0.0931,73,8.53,1.92,zone1,60.04
1765196829.71,CAM_002,Av. Arequipa,104,2,3,7,116,0.0579,116,5.24,4.07,zone2,60.04
1765196829.71,CAM_003,Av. Salaverry,104,2,3,7,116,0.0579,116,5.24,4.07,zone3,60.04
1765196829.71,CAM_004,Av. Petit Thouars,104,2,3,7,116,0.0579,116,5.24,4.07,zone4,60.04
1765196873.96,CAM_001,Av. Javier Prado,3,0,0,0,3,0.0025,3,5.73,0.10,zone1,60.03
1765196873.96,CAM_002,Av. Arequipa,32,16,15,1,64,0.0521,64,1.66,4.13,zone2,60.03
1765196873.96,CAM_003,Av. Salaverry,32,16,15,1,64,0.0521,64,1.66,4.13,zone3,60.03
1765196873.96,CAM_004,Av. Petit Thouars,32,16,15,1,64,0.0521,64,1.66,4.13,zone4,60.03
1765196878.86,CAM_001,Av. Javier Prado,34,1,2,0,37,0.0571,37,6.21,2.21,zone1,60.02
1765196878.86,CAM_002,Av. Arequipa,45,0,2,0,47,0.0316,47,3.82,3.66,zone2,60.02
1765196878.86,CAM_003,Av. Salaverry,45,0,2,0,47,0.0316,47,3.82,3.66,zone3,60.02
1765196878.86,CAM_004,Av. Petit Thouars,45,0,2,0,47,0.0316,47,3.82,3.66,zone4,60.02
1765196884.34,CAM_001,Av. Javier Prado,2,0,0,14,16,0.0111,16,12.54,0.17,zone1,60.02
1765196884.34,CAM_002,Av. Arequipa,4,0,0,18,22,0.0109,22,10.30,0.36,zone2,60.02
1765196884.34,CAM_003,Av. Salaverry,4,0,0,18,22,0.0109,22,10.30,0.36,zone3,60.02
1765196884.34,CAM_004,Av. Petit Thouars,4,0,0,18,22,0.0109,22,10.30,0.36,zone4,60.02
1765196889.77,CAM_001,Av. Javier Prado,33,1,13,5,52,0.0695,52,11.44,1.44,zone1,60.07
1765196889.77,CAM_002,Av. Arequipa,78,4,15,5,102,0.0456,102,8.12,2.63,zone2,60.07
1765196889.77,CAM_003,Av. Salaverry,78,4,15,5,102,0.0456,102,8.12,2.63,zone3,60.07
1765196889.77,CAM_004,Av. Petit Thouars,78,4,15,5,102,0.0456,102,8.12,2.63,zone4,60.07
1765196934.06,CAM_001,Av. Javier Prado,56,0,0,3,59,0.1423,59,9.61,3.25,zone1,60.10
1765196934.06,CAM_002,Av. Arequipa,157,2,2,8,169,0.1064,169,5.67,9.48,zone2,60.10
1765196934.06,CAM_003,Av. Salaverry,157,2,2,8,169,0.1064,169,5.67,9.48,zone3,60.10
1765196934.06,CAM_004,Av. Petit Thouars,157,2,2,8,169,0.1064,169,5.67,9.48,zone4,60.10
1765196938.91,CAM_001,Av. Javier Prado,17,0,2,0,19,0.0340,19,6.34,1.37,zone1,60.05
1765196938.91,CAM_002,Av. Arequipa,29,0,1,0,30,0.0234,30,2.55,3.40,zone2,60.05
1765196938.91,CAM_003,Av. Salaverry,29,0,1,0,30,0.0234,30,2.55,3.40,zone3,60.05
1765196938.91,CAM_004,Av. Petit Thouars,29,0,1,0,30,0.0234,30,2.55,3.40,zone4,60.05
1765196944.43,CAM_001,Av. Javier Prado,8,3,8,6,25,0.1383,25,12.16,0.70,zone1,60.08
1765196944.43,CAM_002,Av. Arequipa,12,3,6,9,30,0.0454,30,13.24,0.77,zone2,60.08
1765196944.43,CAM_003,Av. Salaverry,12,3,6,9,30,0.0454,30,13.24,0.77,zone3,60.08
1765196944.43,CAM_004,Av. Petit Thouars,12,3,6,9,30,0.0454,30,13.24,0.77,zone4,60.08
1765196949.81,CAM_001,Av. Javier Prado,37,1,3,7,48,0.0490,48,4.62,1.44,zone1,60.04
1765196949.81,CAM_002,Av. Arequipa,80,5,11,9,105,0.0488,105,6.92,3.46,zone2,60.04
1765196949.81,CAM_003,Av. Salaverry,80,5,11,9,105,0.0488,105,6.92,3.46,zone3,60.04
1765196949.81,CAM_004,Av. Petit Thouars,80,5,11,9,105,0.0488,105,6.92,3.46,zone4,60.04
1765196994.09,CAM_001,Av. Javier Prado,12,0,0,1,13,0.0447,13,8.80,1.11,zone1,60.03
1765196994.09,CAM_002,Av. Arequipa,59,0,0,1,60,0.0486,60,3.41,6.55,zone2,60.03
1765196994.09,CAM_003,Av. Salaverry,59,0,0,1,60,0.0486,60,3.41,6.55,zone3,60.03
1765196994.09,CAM_004,Av. Petit Thouars,59,0,0,1,60,0.0486,60,3.41,6.55,zone4,60.03
1765196998.98,CAM_001,Av. Javier Prado,33,0,6,0,39,0.0627,39,8.78,2.40,zone1,60.08
1765196998.98,CAM_002,Av. Arequipa,45,0,7,0,52,0.0348,52,5.25,3.74,zone2,60.08
1765196998.98,CAM_003,Av. Salaverry,45,0,7,0,52,0.0348,52,5.25,3.74,zone3,60.08
1765196998.98,CAM_004,Av. Petit Thouars,45,0,7,0,52,0.0348,52,5.25,3.74,zone4,60.08
1765197004.43,CAM_001,Av. Javier Prado,7,0,3,5,15,0.2040,15,7.42,0.62,zone1,60.00
1765197004.43,CAM_002,Av. Arequipa,12,0,1,9,22,0.0254,22,18.07,0.37,zone2,60.00
1765197004.43,CAM_003,Av. Salaverry,12,0,1,9,22,0.0254,22,18.07,0.37,zone3,60.00
1765197004.43,CAM_004,Av. Petit Thouars,12,0,1,9,22,0.0254,22,18.07,0.37,zone4,60.00
1765197009.87,CAM_001,Av. Javier Prado,57,1,5,1,64,0.0739,64,12.84,1.23,zone1,60.06
1765197009.87,CAM_002,Av. Arequipa,98,0,7,5,110,0.0366,110,6.70,2.53,zone2,60.06
1765197009.87,CAM_003,Av. Salaverry,98,0,7,5,110,0.0366,110,6.70,2.53,zone3,60.06
1765197009.87,CAM_004,Av. Petit Thouars,98,0,7,5,110,0.0366,110,6.70,2.53,zone4,60.06
1765197054.12,CAM_001,Av. Javier Prado,38,1,1,1,41,0.0620,41,13.15,1.72,zone1,60.03
1765197054.12,CAM_002,Av. Arequipa,126,5,5,2,138,0.0813,138,5.46,8.24,zone2,60.03
1765197054.12,CAM_003,Av. Salaverry,126,5,5,2,138,0.0813,138,5.46,8.24,zone3,60.03
1765197054.12,CAM_004,Av. Petit Thouars,126,5,5,2,138,0.0813,138,5.46,8.24,zone4,60.03
1765197059.00,CAM_001,Av. Javier Prado,24,0,2,0,26,0.0643,26,6.71,2.44,zone1,60.02
1765197059.00,CAM_002,Av. Arequipa,38,0,3,0,41,0.0371,41,3.62,4.07,zone2,60.02
1765197059.00,CAM_003,Av. Salaverry,38,0,3,0,41,0.0371,41,3.62,4.07,zone3,60.02
1765197059.00,CAM_004,Av. Petit Thouars,38,0,3,0,41,0.0371,41,3.62,4.07,zone4,60.02
1765197064.47,CAM_001,Av. Javier Prado,8,0,1,7,16,0.0883,16,10.69,0.56,zone1,60.04
1765197064.47,CAM_002,Av. Arequipa,11,0,2,15,28,0.0244,28,15.41,0.52,zone2,60.04
1765197064.47,CAM_003,Av. Salaverry,11,0,2,15,28,0.0244,28,15.41,0.52,zone3,60.04
1765197064.47,CAM_004,Av. Petit Thouars,11,0,2,15,28,0.0244,28,15.41,0.52,zone4,60.04
1765197069.95,CAM_001,Av. Javier Prado,41,2,6,2,51,0.0631,51,7.78,1.22,zone1,60.07
1765197069.95,CAM_002,Av. Arequipa,60,6,11,4,81,0.0407,81,7.51,2.14,zone2,60.07
1765197069.95,CAM_003,Av. Salaverry,60,6,11,4,81,0.0407,81,7.51,2.14,zone3,60.07
1765197069.95,CAM_004,Av. Petit Thouars,60,6,11,4,81,0.0407,81,7.51,2.14,zone4,60.07
1765197114.19,CAM_001,Av. Javier Prado,26,0,1,1,28,0.0827,28,7.62,1.95,zone1,60.06
1765197114.19,CAM_002,Av. Arequipa,111,10,5,2,128,0.0684,128,4.30,6.34,zone2,60.06
1765197114.19,CAM_003,Av. Salaverry,111,10,5,2,128,0.0684,128,4.30,6.34,zone3,60.06
1765197114.19,CAM_004,Av. Petit Thouars,111,10,5,2,128,0.0684,128,4.30,6.34,zone4,60.06
1765197119.02,CAM_001,Av. Javier Prado,38,1,3,0,42,0.0917,42,6.95,3.10,zone1,60.02
1765197119.02,CAM_002,Av. Arequipa,51,5,4,0,60,0.0455,60,4.62,4.74,zone2,60.02
1765197119.02,CAM_003,Av. Salaverry,51,5,4,0,60,0.0455,60,4.62,4.74,zone3,60.02
1765197119.02,CAM_004,Av. Petit Thouars,51,5,4,0,60,0.0455,60,4.62,4.74,zone4,60.02
1765197124.49,CAM_001,Av. Javier Prado,3,3,0,6,12,0.0542,12,21.01,0.28,zone1,60.01
1765197124.49,CAM_002,Av. Arequipa,4,3,2,8,17,0.0266,17,22.88,0.26,zone2,60.01
1765197124.49,CAM_003,Av. Salaverry,4,3,2,8,17,0.0266,17,22.88,0.26,zone3,60.01
1765197124.49,CAM_004,Av. Petit Thouars,4,3,2,8,17,0.0266,17,22.88,0.26,zone4,60.01
1765197130.05,CAM_001,Av. Javier Prado,52,0,3,3,58,0.0410,58,7.52,1.06,zone1,60.10
1765197130.05,CAM_002,Av. Arequipa,80,0,11,6,97,0.0334,97,7.00,2.00,zone2,60.10
1765197130.05,CAM_003,Av. Salaverry,80,0,11,6,97,0.0334,97,7.00,2.00,zone3,60.10
1765197130.05,CAM_004,Av. Petit Thouars,80,0,11,6,97,0.0334,97,7.00,2.00,zone4,60.10
1765197174.29,CAM_001,Av. Javier Prado,15,0,2,0,17,0.0152,17,9.23,0.58,zone1,60.10
1765197174.29,CAM_002,Av. Arequipa,54,2,2,0,58,0.0320,58,1.81,5.46,zone2,60.10
1765197174.29,CAM_003,Av. Salaverry,54,2,2,0,58,0.0320,58,1.81,5.46,zone3,60.10
1765197174.29,CAM_004,Av. Petit Thouars,54,2,2,0,58,0.0320,58,1.81,5.46,zone4,60.10
1765197179.06,CAM_001,Av. Javier Prado,25,0,3,0,28,0.0678,28,5.10,2.48,zone1,60.04
1765197179.06,CAM_002,Av. Arequipa,41,0,3,0,44,0.0324,44,3.55,3.77,zone2,60.04
1765197179.06,CAM_003,Av. Salaverry,41,0,3,0,44,0.0324,44,3.55,3.77,zone3,60.04
1765197179.06,CAM_004,Av. Petit Thouars,41,0,3,0,44,0.0324,44,3.55,3.77,zone4,60.04
1765197184.54,CAM_001,Av. Javier Prado,8,1,2,4,15,0.0551,15,3.66,0.70,zone1,60.05
1765197184.54,CAM_002,Av. Arequipa,19,1,3,17,40,0.1572,40,6.98,1.62,zone2,60.05
1765197184.54,CAM_003,Av. Salaverry,19,1,3,17,40,0.1572,40,6.98,1.62,zone3,60.05
1765197184.54,CAM_004,Av. Petit Thouars,19,1,3,17,40,0.1572,40,6.98,1.62,zone4,60.05
1765197190.11,CAM_001,Av. Javier Prado,25,2,3,0,30,0.0399,30,15.45,0.52,zone1,60.06
1765197190.11,CAM_002,Av. Arequipa,47,3,3,5,58,0.0166,58,7.15,1.24,zone2,60.06
1765197190.11,CAM_003,Av. Salaverry,47,3,3,5,58,0.0166,58,7.15,1.24,zone3,60.06
1765197190.11,CAM_004,Av. Petit Thouars,47,3,3,5,58,0.0166,58,7.15,1.24,zone4,60.06
1765197234.29,CAM_001,Av. Javier Prado,44,2,0,0,46,0.1311,46,9.51,3.40,zone1,60.01
1765197234.29,CAM_002,Av. Arequipa,141,6,1,0,148,0.1189,148,5.55,9.99,zone2,60.01
1765197234.29,CAM_003,Av. Salaverry,141,6,1,0,148,0.1189,148,5.55,9.99,zone3,60.01
1765197234.29,CAM_004,Av. Petit Thouars,141,6,1,0,148,0.1189,148,5.55,9.99,zone4,60.01
1765197239.10,CAM_001,Av. Javier Prado,26,0,0,0,26,0.0538,26,7.19,2.02,zone1,60.04
1765197239.10,CAM_002,Av. Arequipa,31,1,0,0,32,0.0230,32,4.64,2.73,zone2,60.04
1765197239.10,CAM_003,Av. Salaverry,31,1,0,0,32,0.0230,32,4.64,2.73,zone3,60.04
1765197239.10,CAM_004,Av. Petit Thouars,31,1,0,0,32,0.0230,32,4.64,2.73,zone4,60.04
1765197244.61,CAM_001,Av. Javier Prado,6,0,1,12,19,0.0175,19,10.76,0.34,zone1,60.07
1765197244.61,CAM_002,Av. Arequipa,13,1,4,14,32,0.0232,32,5.27,0.96,zone2,60.07
1765197244.61,CAM_003,Av. Salaverry,13,1,4,14,32,0.0232,32,5.27,0.96,zone3,60.07
1765197244.61,CAM_004,Av. Petit Thouars,13,1,4,14,32,0.0232,32,5.27,0.96,zone4,60.07
1765197250.14,CAM_001,Av. Javier Prado,31,1,4,6,42,0.0360,42,4.83,0.89,zone1,60.03
1765197250.14,CAM_002,Av. Arequipa,82,2,13,9,106,0.0276,106,4.15,2.75,zone2,60.03
1765197250.14,CAM_003,Av. Salaverry,82,2,13,9,106,0.0276,106,4.15,2.75,zone3,60.03
1765197250.14,CAM_004,Av. Petit Thouars,82,2,13,9,106,0.0276,106,4.15,2.75,zone4,60.03
1765197294.37,CAM_001,Av. Javier Prado,14,0,0,0,14,0.0106,14,2.63,0.55,zone1,60.08
1765197294.37,CAM_002,Av. Arequipa,76,1,0,0,77,0.0430,77,1.13,5.50,zone2,60.08
1765197294.37,CAM_003,Av. Salaverry,76,1,0,0,77,0.0430,77,1.13,5.50,zone3,60.08
1765197294.37,CAM_004,Av. Petit Thouars,76,1,0,0,77,0.0430,77,1.13,5.50,zone4,60.08
1765197299.15,CAM_001,Av. Javier Prado,21,6,5,0,32,0.0982,32,6.76,2.86,zone1,60.05
1765197299.15,CAM_002,Av. Arequipa,32,6,6,0,44,0.0465,44,4.32,4.14,zone2,60.05
1765197299.15,CAM_003,Av. Salaverry,32,6,6,0,44,0.0465,44,4.32,4.14,zone3,60.05
1765197299.15,CAM_004,Av. Petit Thouars,32,6,6,0,44,0.0465,44,4.32,4.14,zone4,60.05
1765197304.68,CAM_001,Av. Javier Prado,3,0,0,7,10,0.0069,10,12.73,0.14,zone1,60.08
1765197304.68,CAM_002,Av. Arequipa,7,1,3,14,25,0.0166,25,11.18,0.50,zone2,60.08
1765197304.68,CAM_003,Av. Salaverry,7,1,3,14,25,0.0166,25,11.18,0.50,zone3,60.08
1765197304.68,CAM_004,Av. Petit Thouars,7,1,3,14,25,0.0166,25,11.18,0.50,zone4,60.08
1765197310.16,CAM_001,Av. Javier Prado,40,6,14,12,72,0.1461,72,10.40,1.65,zone1,60.02
1765197310.16,CAM_002,Av. Arequipa,73,4,14,21,112,0.0649,112,7.51,2.47,zone2,60.02
1765197310.16,CAM_003,Av. Salaverry,73,4,14,21,112,0.0649,112,7.51,2.47,zone3,60.02
1765197310.16,CAM_004,Av. Petit Thouars,73,4,14,21,112,0.0649,112,7.51,2.47,zone4,60.02
1765197354.43,CAM_001,Av. Javier Prado,53,0,3,0,56,0.0932,56,8.91,2.87,zone1,60.06
1765197354.43,CAM_002,Av. Arequipa,133,5,3,0,141,0.0988,141,5.71,8.78,zone2,60.06
1765197354.43,CAM_003,Av. Salaverry,133,5,3,0,141,0.0988,141,5.71,8.78,zone3,60.06
1765197354.43,CAM_004,Av. Petit Thouars,133,5,3,0,141,0.0988,141,5.71,8.78,zone4,60.06
1765197359.21,CAM_001,Av. Javier Prado,34,1,6,0,41,0.0769,41,6.51,3.05,zone1,60.07
1765197359.21,CAM_002,Av. Arequipa,46,2,4,0,52,0.0406,52,4.48,4.64,zone2,60.07
1765197359.21,CAM_003,Av. Salaverry,46,2,4,0,52,0.0406,52,4.48,4.64,zone3,60.07
1765197359.21,CAM_004,Av. Petit Thouars,46,2,4,0,52,0.0406,52,4.48,4.64,zone4,60.07
1765197364.73,CAM_001,Av. Javier Prado,3,0,1,4,8,0.0164,8,9.27,0.22,zone1,60.04
1765197364.73,CAM_002,Av. Arequipa,7,0,3,8,18,0.0506,18,12.40,0.56,zone2,60.04
1765197364.73,CAM_003,Av. Salaverry,7,0,3,8,18,0.0506,18,12.40,0.56,zone3,60.04
1765197364.73,CAM_004,Av. Petit Thouars,7,0,3,8,18,0.0506,18,12.40,0.56,zone4,60.04
1765197370.21,CAM_001,Av. Javier Prado,30,3,10,0,43,0.0820,43,12.02,1.33,zone1,60.05
1765197370.21,CAM_002,Av. Arequipa,46,10,20,2,78,0.0704,78,8.82,2.86,zone2,60.05
1765197370.21,CAM_003,Av. Salaverry,46,10,20,2,78,0.0704,78,8.82,2.86,zone3,60.05
1765197370.21,CAM_004,Av. Petit Thouars,46,10,20,2,78,0.0704,78,8.82,2.86,zone4,60.05
1765197414.51,CAM_001,Av. Javier Prado,9,1,0,0,10,0.0165,10,14.40,0.44,zone1,60.07
1765197414.51,CAM_002,Av. Arequipa,65,1,0,0,66,0.0305,66,4.53,4.35,zone2,60.07
1765197414.51,CAM_003,Av. Salaverry,65,1,0,0,66,0.0305,66,4.53,4.35,zone3,60.07
1765197414.51,CAM_004,Av. Petit Thouars,65,1,0,0,66,0.0305,66,4.53,4.35,zone4,60.07
1765197419.31,CAM_001,Av. Javier Prado,19,0,3,0,22,0.0523,22,3.75,1.68,zone1,60.10
1765197419.31,CAM_002,Av. Arequipa,27,0,5,0,32,0.0278,32,2.00,2.90,zone2,60.10
1765197419.31,CAM_003,Av. Salaverry,27,0,5,0,32,0.0278,32,2.00,2.90,zone3,60.10
1765197419.31,CAM_004,Av. Petit Thouars,27,0,5,0,32,0.0278,32,2.00,2.90,zone4,60.10
1765197424.83,CAM_001,Av. Javier Prado,9,0,8,5,22,0.0942,22,5.26,1.14,zone1,60.10
1765197424.83,CAM_002,Av. Arequipa,12,0,11,14,37,0.0601,37,5.90,1.57,zone2,60.10
1765197424.83,CAM_003,Av. Salaverry,12,0,11,14,37,0.0601,37,5.90,1.57,zone3,60.10
1765197424.83,CAM_004,Av. Petit Thouars,12,0,11,14,37,0.0601,37,5.90,1.57,zone4,60.10
1765197430.24,CAM_001,Av. Javier Prado,66,1,5,0,72,0.1239,72,12.89,1.72,zone1,60.03
1765197430.24,CAM_002,Av. Arequipa,99,1,9,6,115,0.0505,115,8.56,2.96,zone2,60.03
1765197430.24,CAM_003,Av. Salaverry,99,1,9,6,115,0.0505,115,8.56,2.96,zone3,60.03
1765197430.24,CAM_004,Av. Petit Thouars,99,1,9,6,115,0.0505,115,8.56,2.96,zone4,60.03
1765197474.55,CAM_001,Av. Javier Prado,42,0,1,0,43,0.0726,43,12.37,1.97,zone1,60.04
1765197474.55,CAM_002,Av. Arequipa,87,6,0,0,93,0.0649,93,6.75,5.69,zone2,60.04
1765197474.55,CAM_003,Av. Salaverry,87,6,0,0,93,0.0649,93,6.75,5.69,zone3,60.04
1765197474.55,CAM_004,Av. Petit Thouars,87,6,0,0,93,0.0649,93,6.75,5.69,zone4,60.04
1765197479.33,CAM_001,Av. Javier Prado,31,0,3,0,34,0.0983,34,5.06,3.34,zone1,60.02
1765197479.33,CAM_002,Av. Arequipa,37,0,5,0,42,0.0502,42,3.87,4.79,zone2,60.02
1765197479.33,CAM_003,Av. Salaverry,37,0,5,0,42,0.0502,42,3.87,4.79,zone3,60.02
1765197479.33,CAM_004,Av. Petit Thouars,37,0,5,0,42,0.0502,42,3.87,4.79,zone4,60.02
1765197484.90,CAM_001,Av. Javier Prado,6,0,1,1,8,0.0476,8,2.86,1.01,zone1,60.07
1765197484.90,CAM_002,Av. Arequipa,10,0,5,10,25,0.0440,25,3.56,1.55,zone2,60.07
1765197484.90,CAM_003,Av. Salaverry,10,0,5,10,25,0.0440,25,3.56,1.55,zone3,60.07
1765197484.90,CAM_004,Av. Petit Thouars,10,0,5,10,25,0.0440,25,3.56,1.55,zone4,60.07
1765197490.28,CAM_001,Av. Javier Prado,29,2,7,2,40,0.0720,40,13.06,1.03,zone1,60.04
1765197490.28,CAM_002,Av. Arequipa,45,10,18,9,82,0.0506,82,8.08,2.41,zone2,60.04
1765197490.28,CAM_003,Av. Salaverry,45,10,18,9,82,0.0506,82,8.08,2.41,zone3,60.04
1765197490.28,CAM_004,Av. Petit Thouars,45,10,18,9,82,0.0506,82,8.08,2.41,zone4,60.04
1765197534.64,CAM_001,Av. Javier Prado,21,0,0,0,21,0.0749,21,8.66,1.89,zone1,60.09
1765197534.64,CAM_002,Av. Arequipa,68,2,1,0,71,0.0740,71,5.58,6.06,zone2,60.09
1765197534.64,CAM_003,Av. Salaverry,68,2,1,0,71,0.0740,71,5.58,6.06,zone3,60.09
1765197534.64,CAM_004,Av. Petit Thouars,68,2,1,0,71,0.0740,71,5.58,6.06,zone4,60.09
1765197539.42,CAM_001,Av. Javier Prado,28,0,4,0,32,0.0754,32,5.50,2.72,zone1,60.09
1765197539.42,CAM_002,Av. Arequipa,39,0,2,0,41,0.0352,41,3.02,4.65,zone2,60.09
1765197539.42,CAM_003,Av. Salaverry,39,0,2,0,41,0.0352,41,3.02,4.65,zone3,60.09
1765197539.42,CAM_004,Av. Petit Thouars,39,0,2,0,41,0.0352,41,3.02,4.65,zone4,60.09
1765197544.99,CAM_001,Av. Javier Prado,9,0,1,8,18,0.0783,18,5.89,0.93,zone1,60.09
1765197544.99,CAM_002,Av. Arequipa,17,0,3,19,39,0.0665,39,7.04,1.34,zone2,60.09
1765197544.99,CAM_003,Av. Salaverry,17,0,3,19,39,0.0665,39,7.04,1.34,zone3,60.09
1765197544.99,CAM_004,Av. Petit Thouars,17,0,3,19,39,0.0665,39,7.04,1.34,zone4,60.09
