timestamp,camera_id,street_monitored,car_count,bus_count,truck_count,motorcycle_count,total_vehicles,occupancy_rate,flow_rate_per_min,avg_speed,avg_density,zone_id,duration_seconds
1765150354.34,CAM_001,Av. Javier Prado,13,3,2,0,18,0.0349,18,24.10,0.37,zone1,60.10
1765150354.34,CAM_002,Av. Arequipa,40,4,1,0,45,0.0258,45,11.27,1.85,zone2,60.10
1765150354.34,CAM_003,Av. Salaverry,40,4,1,0,45,0.0258,45,11.27,1.85,zone3,60.10
1765150354.34,CAM_004,Av. Petit Thouars,40,4,1,0,45,0.0258,45,11.27,1.85,zone4,60.10
1765150359.89,CAM_001,Av. Javier Prado,15,0,0,0,15,0.0574,15,2.53,2.36,zone1,60.05
1765150359.89,CAM_002,Av. Arequipa,20,0,0,0,20,0.0351,20,2.50,2.84,zone2,60.05
1765150359.89,CAM_003,Av. Salaverry,20,0,0,0,20,0.0351,20,2.50,2.84,zone3,60.05
1765150359.89,CAM_004,Av. Petit Thouars,20,0,0,0,20,0.0351,20,2.50,2.84,zone4,60.05
1765150366.46,CAM_001,Av. Javier Prado,6,1,10,18,35,0.0795,35,9.27,1.38,zone1,60.10
1765150366.46,CAM_002,Av. Arequipa,12,1,14,32,59,0.1050,59,4.90,4.23,zone2,60.10
1765150366.46,CAM_003,Av. Salaverry,12,1,14,32,59,0.1050,59,4.90,4.23,zone3,60.10
1765150366.46,CAM_004,Av. Petit Thouars,12,1,14,32,59,0.1050,59,4.90,4.23,zone4,60.10
1765150373.26,CAM_001,Av. Javier Prado,8,4,5,27,44,0.0675,44,10.23,1.12,zone1,60.10
1765150373.26,CAM_002,Av. Arequipa,14,12,9,59,94,0.0294,94,3.86,3.29,zone2,60.10
1765150373.26,CAM_003,Av. Salaverry,14,12,9,59,94,0.0294,94,3.86,3.29,zone3,60.10
1765150373.26,CAM_004,Av. Petit Thouars,14,12,9,59,94,0.0294,94,3.86,3.29,zone4,60.10
1765150414.40,CAM_001,Av. Javier Prado,0,1,0,0,1,0.0001,1,15.62,0.00,zone1,60.06
1765150414.40,CAM_002,Av. Arequipa,48,4,3,0,55,0.0154,55,2.94,2.67,zone2,60.06
1765150414.40,CAM_003,Av. Salaverry,48,4,3,0,55,0.0154,55,2.94,2.67,zone3,60.06
1765150414.40,CAM_004,Av. Petit Thouars,48,4,3,0,55,0.0154,55,2.94,2.67,zone4,60.06
1765150420.01,CAM_001,Av. Javier Prado,39,0,0,0,39,0.1121,39,4.74,3.89,zone1,60.12
1765150420.01,CAM_002,Av. Arequipa,32,0,0,0,32,0.0340,32,4.07,3.10,zone2,60.12
1765150420.01,CAM_003,Av. Salaverry,32,0,0,0,32,0.0340,32,4.07,3.10,zone3,60.12
1765150420.01,CAM_004,Av. Petit Thouars,32,0,0,0,32,0.0340,32,4.07,3.10,zone4,60.12
1765150426.54,CAM_001,Av. Javier Prado,5,3,10,28,46,0.1567,46,9.20,1.60,zone1,60.07
1765150426.54,CAM_002,Av. Arequipa,15,3,23,33,74,0.1464,74,4.56,4.57,zone2,60.07
1765150426.54,CAM_003,Av. Salaverry,15,3,23,33,74,0.1464,74,4.56,4.57,zone3,60.07
1765150426.54,CAM_004,Av. Petit Thouars,15,3,23,33,74,0.1464,74,4.56,4.57,zone4,60.07
1765150433.29,CAM_001,Av. Javier Prado,7,7,11,26,51,0.0713,51,15.13,1.18,zone1,60.02
1765150433.29,CAM_002,Av. Arequipa,23,17,17,69,126,0.0514,126,9.52,3.86,zone2,60.02
1765150433.29,CAM_003,Av. Salaverry,23,17,17,69,126,0.0514,126,9.52,3.86,zone3,60.02
1765150433.29,CAM_004,Av. Petit Thouars,23,17,17,69,126,0.0514,126,9.52,3.86,zone4,60.02
1765150474.45,CAM_001,Av. Javier Prado,31,4,9,0,44,0.0541,44,12.93,1.18,zone1,60.05
1765150474.45,CAM_002,Av. Arequipa,72,5,13,0,90,0.0514,90,8.04,3.74,zone2,60.05
1765150474.45,CAM_003,Av. Salaverry,72,5,13,0,90,0.0514,90,8.04,3.74,zone3,60.05
1765150474.45,CAM_004,Av. Petit Thouars,72,5,13,0,90,0.0514,90,8.04,3.74,zone4,60.05
1765150480.03,CAM_001,Av. Javier Prado,29,0,0,0,29,0.0742,29,6.50,2.40,zone1,60.02
1765150480.03,CAM_002,Av. Arequipa,42,0,0,0,42,0.0221,42,6.20,1.85,zone2,60.02
1765150480.03,CAM_003,Av. Salaverry,42,0,0,0,42,0.0221,42,6.20,1.85,zone3,60.02
1765150480.03,CAM_004,Av. Petit Thouars,42,0,0,0,42,0.0221,42,6.20,1.85,zone4,60.02
1765150486.61,CAM_001,Av. Javier Prado,3,4,8,11,26,0.1025,26,11.40,0.97,zone1,60.07
1765150486.61,CAM_002,Av. Arequipa,16,4,13,17,50,0.0872,50,4.76,3.46,zone2,60.07
1765150486.61,CAM_003,Av. Salaverry,16,4,13,17,50,0.0872,50,4.76,3.46,zone3,60.07
1765150486.61,CAM_004,Av. Petit Thouars,16,4,13,17,50,0.0872,50,4.76,3.46,zone4,60.07
1765150493.43,CAM_001,Av. Javier Prado,10,5,7,36,58,0.0705,58,6.69,1.12,zone1,60.14
1765150493.43,CAM_002,Av. Arequipa,27,11,10,95,143,0.0383,143,4.52,4.77,zone2,60.14
1765150493.43,CAM_003,Av. Salaverry,27,11,10,95,143,0.0383,143,4.52,4.77,zone3,60.14
1765150493.43,CAM_004,Av. Petit Thouars,27,11,10,95,143,0.0383,143,4.52,4.77,zone4,60.14
1765150534.52,CAM_001,Av. Javier Prado,3,1,0,0,4,0.0054,4,26.80,0.09,zone1,60.06
1765150534.52,CAM_002,Av. Arequipa,32,2,1,0,35,0.0235,35,2.93,2.87,zone2,60.06
1765150534.52,CAM_003,Av. Salaverry,32,2,1,0,35,0.0235,35,2.93,2.87,zone3,60.06
1765150534.52,CAM_004,Av. Petit Thouars,32,2,1,0,35,0.0235,35,2.93,2.87,zone4,60.06
1765150540.04,CAM_001,Av. Javier Prado,20,0,0,0,20,0.0650,20,4.34,2.43,zone1,60.01
1765150540.04,CAM_002,Av. Arequipa,20,0,0,0,20,0.0218,20,4.99,1.90,zone2,60.01
1765150540.04,CAM_003,Av. Salaverry,20,0,0,0,20,0.0218,20,4.99,1.90,zone3,60.01
1765150540.04,CAM_004,Av. Petit Thouars,20,0,0,0,20,0.0218,20,4.99,1.90,zone4,60.01
1765150546.67,CAM_001,Av. Javier Prado,6,4,10,17,37,0.0968,37,9.22,1.21,zone1,60.07
1765150546.67,CAM_002,Av. Arequipa,17,4,12,33,66,0.0921,66,5.08,3.69,zone2,60.07
1765150546.67,CAM_003,Av. Salaverry,17,4,12,33,66,0.0921,66,5.08,3.69,zone3,60.07
1765150546.67,CAM_004,Av. Petit Thouars,17,4,12,33,66,0.0921,66,5.08,3.69,zone4,60.07
1765150553.46,CAM_001,Av. Javier Prado,6,8,14,24,52,0.0962,52,12.10,1.59,zone1,60.03
1765150553.46,CAM_002,Av. Arequipa,36,15,24,66,141,0.0636,141,6.14,6.12,zone2,60.03
1765150553.46,CAM_003,Av. Salaverry,36,15,24,66,141,0.0636,141,6.14,6.12,zone3,60.03
1765150553.46,CAM_004,Av. Petit Thouars,36,15,24,66,141,0.0636,141,6.14,6.12,zone4,60.03
1765150594.58,CAM_001,Av. Javier Prado,35,1,4,0,40,0.0722,40,12.95,1.36,zone1,60.07
1765150594.58,CAM_002,Av. Arequipa,101,4,7,0,112,0.0626,112,5.90,5.46,zone2,60.07
1765150594.58,CAM_003,Av. Salaverry,101,4,7,0,112,0.0626,112,5.90,5.46,zone3,60.07
1765150594.58,CAM_004,Av. Petit Thouars,101,4,7,0,112,0.0626,112,5.90,5.46,zone4,60.07
1765150600.14,CAM_001,Av. Javier Prado,14,0,0,0,14,0.0287,14,11.04,0.87,zone1,60.10
1765150600.14,CAM_002,Av. Arequipa,18,0,0,0,18,0.0131,18,6.82,0.93,zone2,60.10
1765150600.14,CAM_003,Av. Salaverry,18,0,0,0,18,0.0131,18,6.82,0.93,zone3,60.10
1765150600.14,CAM_004,Av. Petit Thouars,18,0,0,0,18,0.0131,18,6.82,0.93,zone4,60.10
1765150606.78,CAM_001,Av. Javier Prado,5,2,4,14,25,0.0835,25,8.58,1.18,zone1,60.11
1765150606.78,CAM_002,Av. Arequipa,21,2,9,25,57,0.0722,57,3.51,3.98,zone2,60.11
1765150606.78,CAM_003,Av. Salaverry,21,2,9,25,57,0.0722,57,3.51,3.98,zone3,60.11
1765150606.78,CAM_004,Av. Petit Thouars,21,2,9,25,57,0.0722,57,3.51,3.98,zone4,60.11
1765150613.55,CAM_001,Av. Javier Prado,6,3,11,66,86,0.0622,86,3.48,3.14,zone1,60.09
1765150613.55,CAM_002,Av. Arequipa,23,14,20,146,203,0.0655,203,4.79,6.56,zone2,60.09
1765150613.55,CAM_003,Av. Salaverry,23,14,20,146,203,0.0655,203,4.79,6.56,zone3,60.09
1765150613.55,CAM_004,Av. Petit Thouars,23,14,20,146,203,0.0655,203,4.79,6.56,zone4,60.09
1765150654.60,CAM_001,Av. Javier Prado,28,1,3,0,32,0.0245,32,18.61,0.62,zone1,60.02
1765150654.60,CAM_002,Av. Arequipa,94,4,3,0,101,0.0350,101,6.95,3.52,zone2,60.02
1765150654.60,CAM_003,Av. Salaverry,94,4,3,0,101,0.0350,101,6.95,3.52,zone3,60.02
1765150654.60,CAM_004,Av. Petit Thouars,94,4,3,0,101,0.0350,101,6.95,3.52,zone4,60.02
1765150660.23,CAM_001,Av. Javier Prado,22,0,2,0,24,0.0319,24,11.53,0.96,zone1,60.08
1765150660.23,CAM_002,Av. Arequipa,31,0,2,0,33,0.0177,33,8.08,1.25,zone2,60.08
1765150660.23,CAM_003,Av. Salaverry,31,0,2,0,33,0.0177,33,8.08,1.25,zone3,60.08
1765150660.23,CAM_004,Av. Petit Thouars,31,0,2,0,33,0.0177,33,8.08,1.25,zone4,60.08
1765150666.82,CAM_001,Av. Javier Prado,1,11,10,19,41,0.1182,41,9.86,1.55,zone1,60.04
1765150666.82,CAM_002,Av. Arequipa,11,12,14,28,65,0.1016,65,6.47,3.21,zone2,60.04
1765150666.82,CAM_003,Av. Salaverry,11,12,14,28,65,0.1016,65,6.47,3.21,zone3,60.04
1765150666.82,CAM_004,Av. Petit Thouars,11,12,14,28,65,0.1016,65,6.47,3.21,zone4,60.04
1765150673.64,CAM_001,Av. Javier Prado,17,10,18,49,94,0.1507,94,8.78,2.77,zone1,60.09
1765150673.64,CAM_002,Av. Arequipa,34,22,18,93,167,0.0709,167,3.93,6.91,zone2,60.09
1765150673.64,CAM_003,Av. Salaverry,34,22,18,93,167,0.0709,167,3.93,6.91,zone3,60.09
1765150673.64,CAM_004,Av. Petit Thouars,34,22,18,93,167,0.0709,167,3.93,6.91,zone4,60.09
1765150714.62,CAM_001,Av. Javier Prado,20,1,3,0,24,0.0498,24,8.97,1.00,zone1,60.02
1765150714.62,CAM_002,Av. Arequipa,76,5,8,0,89,0.0598,89,3.19,5.57,zone2,60.02
1765150714.62,CAM_003,Av. Salaverry,76,5,8,0,89,0.0598,89,3.19,5.57,zone3,60.02
1765150714.62,CAM_004,Av. Petit Thouars,76,5,8,0,89,0.0598,89,3.19,5.57,zone4,60.02
1765150720.26,CAM_001,Av. Javier Prado,18,0,0,0,18,0.0369,18,7.63,1.26,zone1,60.04
1765150720.26,CAM_002,Av. Arequipa,24,0,0,0,24,0.0267,24,5.24,1.84,zone2,60.04
1765150720.26,CAM_003,Av. Salaverry,24,0,0,0,24,0.0267,24,5.24,1.84,zone3,60.04
1765150720.26,CAM_004,Av. Petit Thouars,24,0,0,0,24,0.0267,24,5.24,1.84,zone4,60.04
1765150726.90,CAM_001,Av. Javier Prado,5,1,9,20,35,0.1891,35,6.66,2.20,zone1,60.08
1765150726.90,CAM_002,Av. Arequipa,15,1,12,32,60,0.1504,60,5.51,4.17,zone2,60.08
1765150726.90,CAM_003,Av. Salaverry,15,1,12,32,60,0.1504,60,5.51,4.17,zone3,60.08
1765150726.90,CAM_004,Av. Petit Thouars,15,1,12,32,60,0.1504,60,5.51,4.17,zone4,60.08
1765150733.67,CAM_001,Av. Javier Prado,7,9,8,34,58,0.1619,58,13.46,1.68,zone1,60.03
1765150733.67,CAM_002,Av. Arequipa,29,23,25,73,150,0.0978,150,9.59,4.92,zone2,60.03
1765150733.67,CAM_003,Av. Salaverry,29,23,25,73,150,0.0978,150,9.59,4.92,zone3,60.03
1765150733.67,CAM_004,Av. Petit Thouars,29,23,25,73,150,0.0978,150,9.59,4.92,zone4,60.03
1765150774.71,CAM_001,Av. Javier Prado,46,0,2,0,48,0.0352,48,16.17,1.11,zone1,60.09
1765150774.71,CAM_002,Av. Arequipa,100,3,6,0,109,0.0554,109,8.65,4.16,zone2,60.09
1765150774.71,CAM_003,Av. Salaverry,100,3,6,0,109,0.0554,109,8.65,4.16,zone3,60.09
1765150774.71,CAM_004,Av. Petit Thouars,100,3,6,0,109,0.0554,109,8.65,4.16,zone4,60.09
1765150780.32,CAM_001,Av. Javier Prado,16,0,0,0,16,0.0543,16,4.26,1.96,zone1,60.05
1765150780.32,CAM_002,Av. Arequipa,18,0,0,0,18,0.0186,18,4.67,1.57,zone2,60.05
1765150780.32,CAM_003,Av. Salaverry,18,0,0,0,18,0.0186,18,4.67,1.57,zone3,60.05
1765150780.32,CAM_004,Av. Petit Thouars,18,0,0,0,18,0.0186,18,4.67,1.57,zone4,60.05
1765150786.98,CAM_001,Av. Javier Prado,4,4,10,13,31,0.1626,31,5.67,2.42,zone1,60.08
1765150786.98,CAM_002,Av. Arequipa,14,5,11,22,52,0.1054,52,4.00,4.08,zone2,60.08
1765150786.98,CAM_003,Av. Salaverry,14,5,11,22,52,0.1054,52,4.00,4.08,zone3,60.08
1765150786.98,CAM_004,Av. Petit Thouars,14,5,11,22,52,0.1054,52,4.00,4.08,zone4,60.08
1765150793.76,CAM_001,Av. Javier Prado,13,5,10,53,81,0.1412,81,8.97,2.59,zone1,60.09
1765150793.76,CAM_002,Av. Arequipa,31,18,20,109,178,0.0828,178,5.90,6.37,zone2,60.09
1765150793.76,CAM_003,Av. Salaverry,31,18,20,109,178,0.0828,178,5.90,6.37,zone3,60.09
1765150793.76,CAM_004,Av. Petit Thouars,31,18,20,109,178,0.0828,178,5.90,6.37,zone4,60.09
1765150834.76,CAM_001,Av. Javier Prado,4,2,1,0,7,0.0067,7,21.15,0.10,zone1,60.04
1765150834.76,CAM_002,Av. Arequipa,37,2,0,0,39,0.0189,39,2.31,3.64,zone2,60.04
1765150834.76,CAM_003,Av. Salaverry,37,2,0,0,39,0.0189,39,2.31,3.64,zone3,60.04
1765150834.76,CAM_004,Av. Petit Thouars,37,2,0,0,39,0.0189,39,2.31,3.64,zone4,60.04
1765150840.35,CAM_001,Av. Javier Prado,24,0,1,0,25,0.0288,25,11.27,1.03,zone1,60.04
1765150840.35,CAM_002,Av. Arequipa,31,0,1,0,32,0.0134,32,7.87,1.28,zone2,60.04
1765150840.35,CAM_003,Av. Salaverry,31,0,1,0,32,0.0134,32,7.87,1.28,zone3,60.04
1765150840.35,CAM_004,Av. Petit Thouars,31,0,1,0,32,0.0134,32,7.87,1.28,zone4,60.04
1765150847.07,CAM_001,Av. Javier Prado,5,0,7,23,35,0.1627,35,5.25,2.98,zone1,60.09
1765150847.07,CAM_002,Av. Arequipa,16,0,6,29,51,0.1049,51,4.20,4.87,zone2,60.09
1765150847.07,CAM_003,Av. Salaverry,16,0,6,29,51,0.1049,51,4.20,4.87,zone3,60.09
1765150847.07,CAM_004,Av. Petit Thouars,16,0,6,29,51,0.1049,51,4.20,4.87,zone4,60.09
1765150853.87,CAM_001,Av. Javier Prado,9,10,20,15,54,0.1912,54,11.84,2.29,zone1,60.11
1765150853.87,CAM_002,Av. Arequipa,33,22,29,68,152,0.0934,152,8.33,5.16,zone2,60.11
1765150853.87,CAM_003,Av. Salaverry,33,22,29,68,152,0.0934,152,8.33,5.16,zone3,60.11
1765150853.87,CAM_004,Av. Petit Thouars,33,22,29,68,152,0.0934,152,8.33,5.16,zone4,60.11
1765154855.06,CAM_001,Av. Javier Prado,3,0,0,0,3,0.0027,3,23.08,0.07,zone1,60.09
1765154855.06,CAM_002,Av. Arequipa,38,0,1,0,39,0.0096,39,3.17,2.15,zone2,60.09
1765154855.06,CAM_003,Av. Salaverry,38,0,1,0,39,0.0096,39,3.17,2.15,zone3,60.09
1765154855.06,CAM_004,Av. Petit Thouars,38,0,1,0,39,0.0096,39,3.17,2.15,zone4,60.09
1765154857.87,CAM_001,Av. Javier Prado,12,0,1,0,13,0.0367,13,7.35,1.09,zone1,60.05
1765154857.87,CAM_002,Av. Arequipa,15,0,1,0,16,0.0199,16,5.02,1.26,zone2,60.05
1765154857.87,CAM_003,Av. Salaverry,15,0,1,0,16,0.0199,16,5.02,1.26,zone3,60.05
1765154857.87,CAM_004,Av. Petit Thouars,15,0,1,0,16,0.0199,16,5.02,1.26,zone4,60.05
1765154861.28,CAM_001,Av. Javier Prado,6,2,5,17,30,0.0789,30,18.53,0.86,zone1,60.09
1765154861.28,CAM_002,Av. Arequipa,17,2,24,32,75,0.0748,75,9.16,2.62,zone2,60.09
1765154861.28,CAM_003,Av. Salaverry,17,2,24,32,75,0.0748,75,9.16,2.62,zone3,60.09
1765154861.28,CAM_004,Av. Petit Thouars,17,2,24,32,75,0.0748,75,9.16,2.62,zone4,60.09
1765154864.71,CAM_001,Av. Javier Prado,21,10,12,20,63,0.0679,63,8.86,2.28,zone1,60.20
1765154864.71,CAM_002,Av. Arequipa,64,15,29,56,164,0.0688,164,8.55,6.04,zone2,60.20
1765154864.71,CAM_003,Av. Salaverry,64,15,29,56,164,0.0688,164,8.55,6.04,zone3,60.20
1765154864.71,CAM_004,Av. Petit Thouars,64,15,29,56,164,0.0688,164,8.55,6.04,zone4,60.20
1765154915.10,CAM_001,Av. Javier Prado,24,1,1,0,26,0.0330,26,9.19,1.04,zone1,60.04
1765154915.10,CAM_002,Av. Arequipa,78,3,2,0,83,0.0391,83,3.74,5.16,zone2,60.04
1765154915.10,CAM_003,Av. Salaverry,78,3,2,0,83,0.0391,83,3.74,5.16,zone3,60.04
1765154915.10,CAM_004,Av. Petit Thouars,78,3,2,0,83,0.0391,83,3.74,5.16,zone4,60.04
1765154917.96,CAM_001,Av. Javier Prado,14,0,2,0,16,0.0624,16,2.74,1.94,zone1,60.09
1765154917.96,CAM_002,Av. Arequipa,14,0,0,0,14,0.0225,14,2.99,1.87,zone2,60.09
1765154917.96,CAM_003,Av. Salaverry,14,0,0,0,14,0.0225,14,2.99,1.87,zone3,60.09
1765154917.96,CAM_004,Av. Petit Thouars,14,0,0,0,14,0.0225,14,2.99,1.87,zone4,60.09
1765154921.29,CAM_001,Av. Javier Prado,5,3,4,25,37,0.0756,37,13.78,1.21,zone1,60.01
1765154921.29,CAM_002,Av. Arequipa,15,3,11,33,62,0.1076,62,8.36,3.17,zone2,60.01
1765154921.29,CAM_003,Av. Salaverry,15,3,11,33,62,0.1076,62,8.36,3.17,zone3,60.01
1765154921.29,CAM_004,Av. Petit Thouars,15,3,11,33,62,0.1076,62,8.36,3.17,zone4,60.01
1765154924.73,CAM_001,Av. Javier Prado,15,0,7,29,51,0.0438,51,5.24,2.01,zone1,60.02
1765154924.73,CAM_002,Av. Arequipa,35,2,13,56,106,0.0329,106,3.37,4.48,zone2,60.02
1765154924.73,CAM_003,Av. Salaverry,35,2,13,56,106,0.0329,106,3.37,4.48,zone3,60.02
1765154924.73,CAM_004,Av. Petit Thouars,35,2,13,56,106,0.0329,106,3.37,4.48,zone4,60.02
1765154975.16,CAM_001,Av. Javier Prado,49,3,1,0,53,0.0600,53,17.80,1.50,zone1,60.06
1765154975.16,CAM_002,Av. Arequipa,120,4,1,0,125,0.0531,125,8.98,4.93,zone2,60.06
1765154975.16,CAM_003,Av. Salaverry,120,4,1,0,125,0.0531,125,8.98,4.93,zone3,60.06
1765154975.16,CAM_004,Av. Petit Thouars,120,4,1,0,125,0.0531,125,8.98,4.93,zone4,60.06
1765154978.09,CAM_001,Av. Javier Prado,13,0,3,0,16,0.0464,16,10.47,1.08,zone1,60.13
1765154978.09,CAM_002,Av. Arequipa,21,0,1,0,22,0.0119,22,10.22,1.11,zone2,60.13
1765154978.09,CAM_003,Av. Salaverry,21,0,1,0,22,0.0119,22,10.22,1.11,zone3,60.13
1765154978.09,CAM_004,Av. Petit Thouars,21,0,1,0,22,0.0119,22,10.22,1.11,zone4,60.13
1765154981.39,CAM_001,Av. Javier Prado,2,2,2,32,38,0.0823,38,10.79,1.25,zone1,60.10
1765154981.39,CAM_002,Av. Arequipa,13,2,7,38,60,0.0680,60,6.46,2.98,zone2,60.10
1765154981.39,CAM_003,Av. Salaverry,13,2,7,38,60,0.0680,60,6.46,2.98,zone3,60.10
1765154981.39,CAM_004,Av. Petit Thouars,13,2,7,38,60,0.0680,60,6.46,2.98,zone4,60.10
1765154984.88,CAM_001,Av. Javier Prado,19,8,14,14,55,0.0540,55,9.31,1.89,zone1,60.16
1765154984.88,CAM_002,Av. Arequipa,30,16,25,30,101,0.0455,101,6.58,4.18,zone2,60.16
1765154984.88,CAM_003,Av. Salaverry,30,16,25,30,101,0.0455,101,6.58,4.18,zone3,60.16
1765154984.88,CAM_004,Av. Petit Thouars,30,16,25,30,101,0.0455,101,6.58,4.18,zone4,60.16
1765155035.18,CAM_001,Av. Javier Prado,12,1,0,0,13,0.0166,13,6.09,0.68,zone1,60.03
1765155035.18,CAM_002,Av. Arequipa,64,5,0,0,69,0.0663,69,2.22,5.93,zone2,60.03
1765155035.18,CAM_003,Av. Salaverry,64,5,0,0,69,0.0663,69,2.22,5.93,zone3,60.03
1765155035.18,CAM_004,Av. Petit Thouars,64,5,0,0,69,0.0663,69,2.22,5.93,zone4,60.03
1765155038.19,CAM_001,Av. Javier Prado,18,0,0,0,18,0.0449,18,6.03,1.53,zone1,60.09
1765155038.19,CAM_002,Av. Arequipa,25,0,0,0,25,0.0203,25,5.10,1.78,zone2,60.09
1765155038.19,CAM_003,Av. Salaverry,25,0,0,0,25,0.0203,25,5.10,1.78,zone3,60.09
1765155038.19,CAM_004,Av. Petit Thouars,25,0,0,0,25,0.0203,25,5.10,1.78,zone4,60.09
1765155041.47,CAM_001,Av. Javier Prado,4,1,11,22,38,0.1496,38,10.74,1.24,zone1,60.08
1765155041.47,CAM_002,Av. Arequipa,17,2,27,32,78,0.1603,78,7.65,3.19,zone2,60.08
1765155041.47,CAM_003,Av. Salaverry,17,2,27,32,78,0.1603,78,7.65,3.19,zone3,60.08
1765155041.47,CAM_004,Av. Petit Thouars,17,2,27,32,78,0.1603,78,7.65,3.19,zone4,60.08
1765155044.94,CAM_001,Av. Javier Prado,16,4,5,37,62,0.0417,62,4.47,2.15,zone1,60.06
1765155044.94,CAM_002,Av. Arequipa,31,11,13,76,131,0.0469,131,4.05,4.93,zone2,60.06
1765155044.94,CAM_003,Av. Salaverry,31,11,13,76,131,0.0469,131,4.05,4.93,zone3,60.06
1765155044.94,CAM_004,Av. Petit Thouars,31,11,13,76,131,0.0469,131,4.05,4.93,zone4,60.06
1765155095.23,CAM_001,Av. Javier Prado,49,3,5,0,57,0.0795,57,15.96,2.05,zone1,60.05
1765155095.23,CAM_002,Av. Arequipa,151,6,10,0,167,0.0767,167,8.75,6.64,zone2,60.05
1765155095.23,CAM_003,Av. Salaverry,151,6,10,0,167,0.0767,167,8.75,6.64,zone3,60.05
1765155095.23,CAM_004,Av. Petit Thouars,151,6,10,0,167,0.0767,167,8.75,6.64,zone4,60.05
1765155098.20,CAM_001,Av. Javier Prado,16,0,0,0,16,0.0456,16,7.48,1.47,zone1,60.01
1765155098.20,CAM_002,Av. Arequipa,16,0,0,0,16,0.0155,16,6.93,1.24,zone2,60.01
1765155098.20,CAM_003,Av. Salaverry,16,0,0,0,16,0.0155,16,6.93,1.24,zone3,60.01
1765155098.20,CAM_004,Av. Petit Thouars,16,0,0,0,16,0.0155,16,6.93,1.24,zone4,60.01
1765155101.53,CAM_001,Av. Javier Prado,16,7,14,19,56,0.1923,56,8.24,1.70,zone1,60.06
1765155101.53,CAM_002,Av. Arequipa,39,8,24,33,104,0.1644,104,6.31,3.89,zone2,60.06
1765155101.53,CAM_003,Av. Salaverry,39,8,24,33,104,0.1644,104,6.31,3.89,zone3,60.06
1765155101.53,CAM_004,Av. Petit Thouars,39,8,24,33,104,0.1644,104,6.31,3.89,zone4,60.06
1765155105.01,CAM_001,Av. Javier Prado,17,11,18,7,53,0.0975,53,16.77,1.60,zone1,60.07
1765155105.01,CAM_002,Av. Arequipa,46,18,30,14,108,0.0720,108,9.15,4.12,zone2,60.07
1765155105.01,CAM_003,Av. Salaverry,46,18,30,14,108,0.0720,108,9.15,4.12,zone3,60.07
1765155105.01,CAM_004,Av. Petit Thouars,46,18,30,14,108,0.0720,108,9.15,4.12,zone4,60.07
1765155155.35,CAM_001,Av. Javier Prado,11,0,0,0,11,0.0082,11,23.17,0.27,zone1,60.12
1765155155.35,CAM_002,Av. Arequipa,43,3,1,0,47,0.0193,47,3.94,3.52,zone2,60.12
1765155155.35,CAM_003,Av. Salaverry,43,3,1,0,47,0.0193,47,3.94,3.52,zone3,60.12
1765155155.35,CAM_004,Av. Petit Thouars,43,3,1,0,47,0.0193,47,3.94,3.52,zone4,60.12
1765155158.24,CAM_001,Av. Javier Prado,12,0,0,0,12,0.0261,12,3.74,1.31,zone1,60.05
1765155158.24,CAM_002,Av. Arequipa,18,0,0,0,18,0.0157,18,3.06,1.48,zone2,60.05
1765155158.24,CAM_003,Av. Salaverry,18,0,0,0,18,0.0157,18,3.06,1.48,zone3,60.05
1765155158.24,CAM_004,Av. Petit Thouars,18,0,0,0,18,0.0157,18,3.06,1.48,zone4,60.05
1765155161.63,CAM_001,Av. Javier Prado,4,3,9,32,48,0.2997,48,8.94,1.19,zone1,60.10
1765155161.63,CAM_002,Av. Arequipa,21,3,13,39,76,0.0714,76,6.08,3.13,zone2,60.10
1765155161.63,CAM_003,Av. Salaverry,21,3,13,39,76,0.0714,76,6.08,3.13,zone3,60.10
1765155161.63,CAM_004,Av. Petit Thouars,21,3,13,39,76,0.0714,76,6.08,3.13,zone4,60.10
1765155165.05,CAM_001,Av. Javier Prado,2,0,5,36,43,0.0262,43,6.89,0.99,zone1,60.04
1765155165.05,CAM_002,Av. Arequipa,32,11,18,48,109,0.0435,109,7.23,3.63,zone2,60.04
1765155165.05,CAM_003,Av. Salaverry,32,11,18,48,109,0.0435,109,7.23,3.63,zone3,60.04
1765155165.05,CAM_004,Av. Petit Thouars,32,11,18,48,109,0.0435,109,7.23,3.63,zone4,60.04
1765155215.47,CAM_001,Av. Javier Prado,37,2,5,0,44,0.0557,44,15.38,1.38,zone1,60.12
1765155215.47,CAM_002,Av. Arequipa,103,4,5,0,112,0.0464,112,7.23,4.93,zone2,60.12
1765155215.47,CAM_003,Av. Salaverry,103,4,5,0,112,0.0464,112,7.23,4.93,zone3,60.12
1765155215.47,CAM_004,Av. Petit Thouars,103,4,5,0,112,0.0464,112,7.23,4.93,zone4,60.12
1765155218.27,CAM_001,Av. Javier Prado,6,0,0,0,6,0.0102,6,16.25,0.30,zone1,60.03
1765155218.27,CAM_002,Av. Arequipa,15,0,6,0,21,0.0370,21,3.67,1.42,zone2,60.03
1765155218.27,CAM_003,Av. Salaverry,15,0,6,0,21,0.0370,21,3.67,1.42,zone3,60.03
1765155218.27,CAM_004,Av. Petit Thouars,15,0,6,0,21,0.0370,21,3.67,1.42,zone4,60.03
1765155221.65,CAM_001,Av. Javier Prado,18,8,5,9,40,0.8101,40,8.00,1.92,zone1,60.01
1765155221.65,CAM_002,Av. Arequipa,42,7,16,13,78,0.1010,78,6.19,3.33,zone2,60.01
1765155221.65,CAM_003,Av. Salaverry,42,7,16,13,78,0.1010,78,6.19,3.33,zone3,60.01
1765155221.65,CAM_004,Av. Petit Thouars,42,7,16,13,78,0.1010,78,6.19,3.33,zone4,60.01
1765155225.11,CAM_001,Av. Javier Prado,6,5,13,29,53,0.0644,53,8.01,1.89,zone1,60.06
1765155225.11,CAM_002,Av. Arequipa,15,14,18,55,102,0.0437,102,5.53,3.71,zone2,60.06
1765155225.11,CAM_003,Av. Salaverry,15,14,18,55,102,0.0437,102,5.53,3.71,zone3,60.06
1765155225.11,CAM_004,Av. Petit Thouars,15,14,18,55,102,0.0437,102,5.53,3.71,zone4,60.06
1765155275.51,CAM_001,Av. Javier Prado,22,1,4,0,27,0.0277,27,21.07,0.71,zone1,60.04
1765155275.51,CAM_002,Av. Arequipa,92,1,6,0,99,0.0296,99,6.43,4.70,zone2,60.04
1765155275.51,CAM_003,Av. Salaverry,92,1,6,0,99,0.0296,99,6.43,4.70,zone3,60.04
1765155275.51,CAM_004,Av. Petit Thouars,92,1,6,0,99,0.0296,99,6.43,4.70,zone4,60.04
1765155278.37,CAM_001,Av. Javier Prado,11,0,0,0,11,0.0483,11,4.32,1.46,zone1,60.09
1765155278.37,CAM_002,Av. Arequipa,20,0,0,0,20,0.0240,20,3.38,1.74,zone2,60.09
1765155278.37,CAM_003,Av. Salaverry,20,0,0,0,20,0.0240,20,3.38,1.74,zone3,60.09
1765155278.37,CAM_004,Av. Petit Thouars,20,0,0,0,20,0.0240,20,3.38,1.74,zone4,60.09
1765155281.75,CAM_001,Av. Javier Prado,6,6,3,20,35,0.7984,35,6.56,1.87,zone1,60.10
1765155281.75,CAM_002,Av. Arequipa,19,6,4,31,60,0.0785,60,6.42,2.57,zone2,60.10
1765155281.75,CAM_003,Av. Salaverry,19,6,4,31,60,0.0785,60,6.42,2.57,zone3,60.10
1765155281.75,CAM_004,Av. Petit Thouars,19,6,4,31,60,0.0785,60,6.42,2.57,zone4,60.10
1765155285.12,CAM_001,Av. Javier Prado,18,12,12,25,67,0.1091,67,8.39,2.70,zone1,60.01
1765155285.12,CAM_002,Av. Arequipa,39,28,25,51,143,0.0884,143,7.10,5.53,zone2,60.01
1765155285.12,CAM_003,Av. Salaverry,39,28,25,51,143,0.0884,143,7.10,5.53,zone3,60.01
1765155285.12,CAM_004,Av. Petit Thouars,39,28,25,51,143,0.0884,143,7.10,5.53,zone4,60.01
1765155335.60,CAM_001,Av. Javier Prado,30,0,5,0,35,0.0411,35,8.88,1.29,zone1,60.09
1765155335.60,CAM_002,Av. Arequipa,100,5,10,0,115,0.0647,115,3.06,7.56,zone2,60.09
1765155335.60,CAM_003,Av. Salaverry,100,5,10,0,115,0.0647,115,3.06,7.56,zone3,60.09
1765155335.60,CAM_004,Av. Petit Thouars,100,5,10,0,115,0.0647,115,3.06,7.56,zone4,60.09
1765155338.46,CAM_001,Av. Javier Prado,7,0,0,0,7,0.0322,7,6.22,0.90,zone1,60.09
1765155338.46,CAM_002,Av. Arequipa,10,0,0,0,10,0.0130,10,4.75,0.99,zone2,60.09
1765155338.46,CAM_003,Av. Salaverry,10,0,0,0,10,0.0130,10,4.75,0.99,zone3,60.09
1765155338.46,CAM_004,Av. Petit Thouars,10,0,0,0,10,0.0130,10,4.75,0.99,zone4,60.09
1765155341.78,CAM_001,Av. Javier Prado,14,2,5,24,45,0.8052,45,7.86,2.07,zone1,60.03
1765155341.78,CAM_002,Av. Arequipa,33,2,10,37,82,0.0877,82,7.70,3.29,zone2,60.03
1765155341.78,CAM_003,Av. Salaverry,33,2,10,37,82,0.0877,82,7.70,3.29,zone3,60.03
1765155341.78,CAM_004,Av. Petit Thouars,33,2,10,37,82,0.0877,82,7.70,3.29,zone4,60.03
1765155345.18,CAM_001,Av. Javier Prado,10,6,3,44,63,0.0766,63,6.31,1.90,zone1,60.06
1765155345.18,CAM_002,Av. Arequipa,24,10,10,87,131,0.0511,131,5.65,4.28,zone2,60.06
1765155345.18,CAM_003,Av. Salaverry,24,10,10,87,131,0.0511,131,5.65,4.28,zone3,60.06
1765155345.18,CAM_004,Av. Petit Thouars,24,10,10,87,131,0.0511,131,5.65,4.28,zone4,60.06
1765155395.65,CAM_001,Av. Javier Prado,40,3,5,0,48,0.0289,48,20.22,0.86,zone1,60.05
1765155395.65,CAM_002,Av. Arequipa,109,3,5,0,117,0.0339,117,6.65,4.95,zone2,60.05
1765155395.65,CAM_003,Av. Salaverry,109,3,5,0,117,0.0339,117,6.65,4.95,zone3,60.05
1765155395.65,CAM_004,Av. Petit Thouars,109,3,5,0,117,0.0339,117,6.65,4.95,zone4,60.05
1765155398.52,CAM_001,Av. Javier Prado,12,0,1,1,14,0.0205,14,6.85,0.87,zone1,60.07
1765155398.52,CAM_002,Av. Arequipa,17,0,1,1,19,0.0114,19,6.08,1.06,zone2,60.07
1765155398.52,CAM_003,Av. Salaverry,17,0,1,1,19,0.0114,19,6.08,1.06,zone3,60.07
1765155398.52,CAM_004,Av. Petit Thouars,17,0,1,1,19,0.0114,19,6.08,1.06,zone4,60.07
1765155401.83,CAM_001,Av. Javier Prado,8,3,13,22,46,0.8349,46,6.57,2.34,zone1,60.06
1765155401.83,CAM_002,Av. Arequipa,24,4,16,30,74,0.1283,74,6.37,3.11,zone2,60.06
1765155401.83,CAM_003,Av. Salaverry,24,4,16,30,74,0.1283,74,6.37,3.11,zone3,60.06
1765155401.83,CAM_004,Av. Petit Thouars,24,4,16,30,74,0.1283,74,6.37,3.11,zone4,60.06
1765155405.28,CAM_001,Av. Javier Prado,7,6,6,20,39,0.0354,39,10.96,0.99,zone1,60.10
1765155405.28,CAM_002,Av. Arequipa,12,10,15,36,73,0.0334,73,6.39,2.95,zone2,60.10
1765155405.28,CAM_003,Av. Salaverry,12,10,15,36,73,0.0334,73,6.39,2.95,zone3,60.10
1765155405.28,CAM_004,Av. Petit Thouars,12,10,15,36,73,0.0334,73,6.39,2.95,zone4,60.10
1765155455.78,CAM_001,Av. Javier Prado,5,1,0,0,6,0.0050,6,9.21,0.19,zone1,60.13
1765155455.78,CAM_002,Av. Arequipa,67,9,2,0,78,0.0283,78,2.56,4.30,zone2,60.13
1765155455.78,CAM_003,Av. Salaverry,67,9,2,0,78,0.0283,78,2.56,4.30,zone3,60.13
1765155455.78,CAM_004,Av. Petit Thouars,67,9,2,0,78,0.0283,78,2.56,4.30,zone4,60.13
1765155458.59,CAM_001,Av. Javier Prado,12,0,0,0,12,0.0262,12,7.51,1.06,zone1,60.07
1765155458.59,CAM_002,Av. Arequipa,14,0,0,0,14,0.0129,14,6.51,1.16,zone2,60.07
1765155458.59,CAM_003,Av. Salaverry,14,0,0,0,14,0.0129,14,6.51,1.16,zone3,60.07
1765155458.59,CAM_004,Av. Petit Thouars,14,0,0,0,14,0.0129,14,6.51,1.16,zone4,60.07
1765155461.96,CAM_001,Av. Javier Prado,11,2,7,22,42,0.8601,42,5.37,2.31,zone1,60.12
1765155461.96,CAM_002,Av. Arequipa,22,4,13,33,72,0.1139,72,5.48,3.39,zone2,60.12
1765155461.96,CAM_003,Av. Salaverry,22,4,13,33,72,0.1139,72,5.48,3.39,zone3,60.12
1765155461.96,CAM_004,Av. Petit Thouars,22,4,13,33,72,0.1139,72,5.48,3.39,zone4,60.12
1765155465.34,CAM_001,Av. Javier Prado,15,1,6,48,70,0.0488,70,4.82,2.48,zone1,60.07
1765155465.34,CAM_002,Av. Arequipa,47,10,16,88,161,0.0764,161,6.52,7.14,zone2,60.07
1765155465.34,CAM_003,Av. Salaverry,47,10,16,88,161,0.0764,161,6.52,7.14,zone3,60.07
1765155465.34,CAM_004,Av. Petit Thouars,47,10,16,88,161,0.0764,161,6.52,7.14,zone4,60.07
1765155515.91,CAM_001,Av. Javier Prado,40,2,6,0,48,0.0810,48,16.23,1.49,zone1,60.13
1765155515.91,CAM_002,Av. Arequipa,114,6,7,0,127,0.0631,127,7.47,5.38,zone2,60.13
1765155515.91,CAM_003,Av. Salaverry,114,6,7,0,127,0.0631,127,7.47,5.38,zone3,60.13
1765155515.91,CAM_004,Av. Petit Thouars,114,6,7,0,127,0.0631,127,7.47,5.38,zone4,60.13
1765155518.62,CAM_001,Av. Javier Prado,19,0,0,1,20,0.0418,20,6.31,1.41,zone1,60.02
1765155518.62,CAM_002,Av. Arequipa,19,0,0,1,20,0.0167,20,5.06,1.25,zone2,60.02
1765155518.62,CAM_003,Av. Salaverry,19,0,0,1,20,0.0167,20,5.06,1.25,zone3,60.02
1765155518.62,CAM_004,Av. Petit Thouars,19,0,0,1,20,0.0167,20,5.06,1.25,zone4,60.02
1765155522.00,CAM_001,Av. Javier Prado,15,2,21,9,47,0.8911,47,5.77,2.76,zone1,60.05
1765155522.00,CAM_002,Av. Arequipa,25,3,28,15,71,0.2208,71,6.40,3.98,zone2,60.05
1765155522.00,CAM_003,Av. Salaverry,25,3,28,15,71,0.2208,71,6.40,3.98,zone3,60.05
1765155522.00,CAM_004,Av. Petit Thouars,25,3,28,15,71,0.2208,71,6.40,3.98,zone4,60.05
1765155525.36,CAM_001,Av. Javier Prado,11,7,7,63,88,0.0612,88,7.10,2.48,zone1,60.02
1765155525.36,CAM_002,Av. Arequipa,26,8,14,96,144,0.0412,144,4.63,4.74,zone2,60.02
1765155525.36,CAM_003,Av. Salaverry,26,8,14,96,144,0.0412,144,4.63,4.74,zone3,60.02
1765155525.36,CAM_004,Av. Petit Thouars,26,8,14,96,144,0.0412,144,4.63,4.74,zone4,60.02
1765155575.96,CAM_001,Av. Javier Prado,13,0,0,0,13,0.0050,13,10.73,0.27,zone1,60.04
1765155575.96,CAM_002,Av. Arequipa,80,1,1,0,82,0.0214,82,2.75,4.23,zone2,60.04
1765155575.96,CAM_003,Av. Salaverry,80,1,1,0,82,0.0214,82,2.75,4.23,zone3,60.04
1765155575.96,CAM_004,Av. Petit Thouars,80,1,1,0,82,0.0214,82,2.75,4.23,zone4,60.04
1765155578.62,CAM_001,Av. Javier Prado,10,0,1,0,11,0.0357,11,4.34,1.38,zone1,60.01
1765155578.62,CAM_002,Av. Arequipa,11,0,0,0,11,0.0127,11,3.31,1.15,zone2,60.01
1765155578.62,CAM_003,Av. Salaverry,11,0,0,0,11,0.0127,11,3.31,1.15,zone3,60.01
1765155578.62,CAM_004,Av. Petit Thouars,11,0,0,0,11,0.0127,11,3.31,1.15,zone4,60.01
1765155582.17,CAM_001,Av. Javier Prado,7,0,4,16,27,0.7863,27,5.05,1.66,zone1,60.16
1765155582.17,CAM_002,Av. Arequipa,21,0,17,23,61,0.0726,61,5.29,2.85,zone2,60.16
1765155582.17,CAM_003,Av. Salaverry,21,0,17,23,61,0.0726,61,5.29,2.85,zone3,60.16
1765155582.17,CAM_004,Av. Petit Thouars,21,0,17,23,61,0.0726,61,5.29,2.85,zone4,60.16
1765155585.46,CAM_001,Av. Javier Prado,20,8,13,12,53,0.0858,53,7.70,3.52,zone1,60.10
1765155585.46,CAM_002,Av. Arequipa,40,22,26,31,119,0.0755,119,6.39,7.46,zone2,60.10
1765155585.46,CAM_003,Av. Salaverry,40,22,26,31,119,0.0755,119,6.39,7.46,zone3,60.10
1765155585.46,CAM_004,Av. Petit Thouars,40,22,26,31,119,0.0755,119,6.39,7.46,zone4,60.10
1765155636.06,CAM_001,Av. Javier Prado,32,0,3,0,35,0.0284,35,9.58,0.92,zone1,60.11
1765155636.06,CAM_002,Av. Arequipa,100,2,6,0,108,0.0350,108,4.74,4.51,zone2,60.11
1765155636.06,CAM_003,Av. Salaverry,100,2,6,0,108,0.0350,108,4.74,4.51,zone3,60.11
1765155636.06,CAM_004,Av. Petit Thouars,100,2,6,0,108,0.0350,108,4.74,4.51,zone4,60.11
1765155638.70,CAM_001,Av. Javier Prado,15,0,0,0,15,0.0501,15,4.32,2.07,zone1,60.08
1765155638.70,CAM_002,Av. Arequipa,16,0,0,0,16,0.0268,16,3.91,2.41,zone2,60.08
1765155638.70,CAM_003,Av. Salaverry,16,0,0,0,16,0.0268,16,3.91,2.41,zone3,60.08
1765155638.70,CAM_004,Av. Petit Thouars,16,0,0,0,16,0.0268,16,3.91,2.41,zone4,60.08
1765155642.18,CAM_001,Av. Javier Prado,6,5,7,21,39,0.8299,39,7.41,2.17,zone1,60.01
1765155642.18,CAM_002,Av. Arequipa,22,5,23,32,82,0.1728,82,6.11,3.79,zone2,60.01
1765155642.18,CAM_003,Av. Salaverry,22,5,23,32,82,0.1728,82,6.11,3.79,zone3,60.01
1765155642.18,CAM_004,Av. Petit Thouars,22,5,23,32,82,0.1728,82,6.11,3.79,zone4,60.01
1765155645.49,CAM_001,Av. Javier Prado,7,7,10,62,86,0.1179,86,6.43,2.16,zone1,60.03
1765155645.49,CAM_002,Av. Arequipa,27,13,15,131,186,0.0711,186,4.71,6.66,zone2,60.03
1765155645.49,CAM_003,Av. Salaverry,27,13,15,131,186,0.0711,186,4.71,6.66,zone3,60.03
1765155645.49,CAM_004,Av. Petit Thouars,27,13,15,131,186,0.0711,186,4.71,6.66,zone4,60.03
1765155696.10,CAM_001,Av. Javier Prado,18,1,4,0,23,0.0207,23,19.92,0.56,zone1,60.04
1765155696.10,CAM_002,Av. Arequipa,68,1,3,0,72,0.0217,72,7.29,2.95,zone2,60.04
1765155696.10,CAM_003,Av. Salaverry,68,1,3,0,72,0.0217,72,7.29,2.95,zone3,60.04
1765155696.10,CAM_004,Av. Petit Thouars,68,1,3,0,72,0.0217,72,7.29,2.95,zone4,60.04
1765155698.75,CAM_001,Av. Javier Prado,22,0,0,0,22,0.0514,22,6.59,1.73,zone1,60.05
1765155698.75,CAM_002,Av. Arequipa,24,0,0,0,24,0.0307,24,4.59,2.06,zone2,60.05
1765155698.75,CAM_003,Av. Salaverry,24,0,0,0,24,0.0307,24,4.59,2.06,zone3,60.05
1765155698.75,CAM_004,Av. Petit Thouars,24,0,0,0,24,0.0307,24,4.59,2.06,zone4,60.05
1765155702.35,CAM_001,Av. Javier Prado,11,3,10,12,36,0.8421,36,8.52,2.07,zone1,60.17
1765155702.35,CAM_002,Av. Arequipa,24,7,18,18,67,0.1166,67,9.10,2.74,zone2,60.17
1765155702.35,CAM_003,Av. Salaverry,24,7,18,18,67,0.1166,67,9.10,2.74,zone3,60.17
1765155702.35,CAM_004,Av. Petit Thouars,24,7,18,18,67,0.1166,67,9.10,2.74,zone4,60.17
1765155705.60,CAM_001,Av. Javier Prado,4,1,6,15,26,0.0564,26,16.91,0.89,zone1,60.11
1765155705.60,CAM_002,Av. Arequipa,24,15,19,38,96,0.0454,96,8.04,3.67,zone2,60.11
1765155705.60,CAM_003,Av. Salaverry,24,15,19,38,96,0.0454,96,8.04,3.67,zone3,60.11
1765155705.60,CAM_004,Av. Petit Thouars,24,15,19,38,96,0.0454,96,8.04,3.67,zone4,60.11
1765155756.14,CAM_001,Av. Javier Prado,24,3,1,0,28,0.0596,28,13.72,0.98,zone1,60.04
1765155756.14,CAM_002,Av. Arequipa,84,5,2,0,91,0.0740,91,4.79,5.22,zone2,60.04
1765155756.14,CAM_003,Av. Salaverry,84,5,2,0,91,0.0740,91,4.79,5.22,zone3,60.04
1765155756.14,CAM_004,Av. Petit Thouars,84,5,2,0,91,0.0740,91,4.79,5.22,zone4,60.04
1765155758.75,CAM_001,Av. Javier Prado,12,0,0,0,12,0.0256,12,6.40,1.02,zone1,60.00
1765155758.75,CAM_002,Av. Arequipa,13,0,0,0,13,0.0144,13,5.15,1.11,zone2,60.00
1765155758.75,CAM_003,Av. Salaverry,13,0,0,0,13,0.0144,13,5.15,1.11,zone3,60.00
1765155758.75,CAM_004,Av. Petit Thouars,13,0,0,0,13,0.0144,13,5.15,1.11,zone4,60.00
1765155762.39,CAM_001,Av. Javier Prado,7,1,5,22,35,0.8183,35,7.88,2.00,zone1,60.04
1765155762.39,CAM_002,Av. Arequipa,23,1,12,24,60,0.0984,60,7.17,3.00,zone2,60.04
1765155762.39,CAM_003,Av. Salaverry,23,1,12,24,60,0.0984,60,7.17,3.00,zone3,60.04
1765155762.39,CAM_004,Av. Petit Thouars,23,1,12,24,60,0.0984,60,7.17,3.00,zone4,60.04
1765155765.62,CAM_001,Av. Javier Prado,7,1,5,36,49,0.0654,49,7.76,1.38,zone1,60.03
1765155765.62,CAM_002,Av. Arequipa,29,17,33,71,150,0.0897,150,4.73,7.52,zone2,60.03
1765155765.62,CAM_003,Av. Salaverry,29,17,33,71,150,0.0897,150,4.73,7.52,zone3,60.03
1765155765.62,CAM_004,Av. Petit Thouars,29,17,33,71,150,0.0897,150,4.73,7.52,zone4,60.03
1765155816.20,CAM_001,Av. Javier Prado,26,2,1,0,29,0.0225,29,16.97,0.68,zone1,60.06
1765155816.20,CAM_002,Av. Arequipa,84,5,3,0,92,0.0232,92,8.52,2.59,zone2,60.06
1765155816.20,CAM_003,Av. Salaverry,84,5,3,0,92,0.0232,92,8.52,2.59,zone3,60.06
1765155816.20,CAM_004,Av. Petit Thouars,84,5,3,0,92,0.0232,92,8.52,2.59,zone4,60.06
1765155818.88,CAM_001,Av. Javier Prado,12,0,0,0,12,0.0337,12,7.25,1.19,zone1,60.13
1765155818.88,CAM_002,Av. Arequipa,14,0,0,0,14,0.0193,14,5.43,1.39,zone2,60.13
1765155818.88,CAM_003,Av. Salaverry,14,0,0,0,14,0.0193,14,5.43,1.39,zone3,60.13
1765155818.88,CAM_004,Av. Petit Thouars,14,0,0,0,14,0.0193,14,5.43,1.39,zone4,60.13
1765155822.45,CAM_001,Av. Javier Prado,3,0,5,19,27,0.7981,27,7.16,1.64,zone1,60.06
1765155822.45,CAM_002,Av. Arequipa,16,1,11,38,66,0.0732,66,5.94,2.64,zone2,60.06
1765155822.45,CAM_003,Av. Salaverry,16,1,11,38,66,0.0732,66,5.94,2.64,zone3,60.06
1765155822.45,CAM_004,Av. Petit Thouars,16,1,11,38,66,0.0732,66,5.94,2.64,zone4,60.06
1765155825.74,CAM_001,Av. Javier Prado,24,11,16,30,81,0.1348,81,10.89,2.41,zone1,60.12
1765155825.74,CAM_002,Av. Arequipa,59,16,24,55,154,0.0829,154,6.45,5.78,zone2,60.12
1765155825.74,CAM_003,Av. Salaverry,59,16,24,55,154,0.0829,154,6.45,5.78,zone3,60.12
1765155825.74,CAM_004,Av. Petit Thouars,59,16,24,55,154,0.0829,154,6.45,5.78,zone4,60.12
1765155876.30,CAM_001,Av. Javier Prado,8,3,2,0,13,0.0114,13,5.29,0.43,zone1,60.10
1765155876.30,CAM_002,Av. Arequipa,56,6,6,0,68,0.0305,68,2.19,4.41,zone2,60.10
1765155876.30,CAM_003,Av. Salaverry,56,6,6,0,68,0.0305,68,2.19,4.41,zone3,60.10
1765155876.30,CAM_004,Av. Petit Thouars,56,6,6,0,68,0.0305,68,2.19,4.41,zone4,60.10
1765155878.95,CAM_001,Av. Javier Prado,7,0,0,0,7,0.0229,7,6.17,1.04,zone1,60.08
1765155878.95,CAM_002,Av. Arequipa,8,0,0,0,8,0.0128,8,4.76,1.21,zone2,60.08
1765155878.95,CAM_003,Av. Salaverry,8,0,0,0,8,0.0128,8,4.76,1.21,zone3,60.08
1765155878.95,CAM_004,Av. Petit Thouars,8,0,0,0,8,0.0128,8,4.76,1.21,zone4,60.08
1765155882.47,CAM_001,Av. Javier Prado,7,2,2,17,28,0.7861,28,3.53,1.82,zone1,60.02
1765155882.47,CAM_002,Av. Arequipa,24,2,5,31,62,0.0661,62,4.94,2.87,zone2,60.02
1765155882.47,CAM_003,Av. Salaverry,24,2,5,31,62,0.0661,62,4.94,2.87,zone3,60.02
1765155882.47,CAM_004,Av. Petit Thouars,24,2,5,31,62,0.0661,62,4.94,2.87,zone4,60.02
1765155885.76,CAM_001,Av. Javier Prado,10,7,5,9,31,0.0557,31,16.41,1.00,zone1,60.02
1765155885.76,CAM_002,Av. Arequipa,38,20,25,29,112,0.0677,112,9.19,4.76,zone2,60.02
1765155885.76,CAM_003,Av. Salaverry,38,20,25,29,112,0.0677,112,9.19,4.76,zone3,60.02
1765155885.76,CAM_004,Av. Petit Thouars,38,20,25,29,112,0.0677,112,9.19,4.76,zone4,60.02
1765155936.33,CAM_001,Av. Javier Prado,47,1,8,0,56,0.0901,56,12.85,2.09,zone1,60.03
1765155936.33,CAM_002,Av. Arequipa,96,0,7,0,103,0.0581,103,7.53,5.15,zone2,60.03
1765155936.33,CAM_003,Av. Salaverry,96,0,7,0,103,0.0581,103,7.53,5.15,zone3,60.03
1765155936.33,CAM_004,Av. Petit Thouars,96,0,7,0,103,0.0581,103,7.53,5.15,zone4,60.03
1765155939.06,CAM_001,Av. Javier Prado,14,0,0,0,14,0.0325,14,7.87,1.36,zone1,60.11
1765155939.06,CAM_002,Av. Arequipa,16,0,0,0,16,0.0150,16,6.60,1.35,zone2,60.11
1765155939.06,CAM_003,Av. Salaverry,16,0,0,0,16,0.0150,16,6.60,1.35,zone3,60.11
1765155939.06,CAM_004,Av. Petit Thouars,16,0,0,0,16,0.0150,16,6.60,1.35,zone4,60.11
1765155942.47,CAM_001,Av. Javier Prado,6,4,12,21,43,0.8399,43,5.83,2.40,zone1,60.00
1765155942.47,CAM_002,Av. Arequipa,16,6,17,31,70,0.1064,70,6.22,3.54,zone2,60.00
1765155942.47,CAM_003,Av. Salaverry,16,6,17,31,70,0.1064,70,6.22,3.54,zone3,60.00
1765155942.47,CAM_004,Av. Petit Thouars,16,6,17,31,70,0.1064,70,6.22,3.54,zone4,60.00
1765155945.76,CAM_001,Av. Javier Prado,9,2,1,68,80,0.0584,80,5.05,2.65,zone1,60.00
1765155945.76,CAM_002,Av. Arequipa,23,6,5,126,160,0.0488,160,6.08,6.46,zone2,60.00
1765155945.76,CAM_003,Av. Salaverry,23,6,5,126,160,0.0488,160,6.08,6.46,zone3,60.00
1765155945.76,CAM_004,Av. Petit Thouars,23,6,5,126,160,0.0488,160,6.08,6.46,zone4,60.00
1765155996.37,CAM_001,Av. Javier Prado,7,0,1,0,8,0.0098,8,23.75,0.24,zone1,60.04
1765155996.37,CAM_002,Av. Arequipa,71,1,0,0,72,0.0261,72,3.11,5.06,zone2,60.04
1765155996.37,CAM_003,Av. Salaverry,71,1,0,0,72,0.0261,72,3.11,5.06,zone3,60.04
1765155996.37,CAM_004,Av. Petit Thouars,71,1,0,0,72,0.0261,72,3.11,5.06,zone4,60.04
1765155999.09,CAM_001,Av. Javier Prado,15,0,0,0,15,0.0390,15,5.71,1.57,zone1,60.03
1765155999.09,CAM_002,Av. Arequipa,21,0,3,0,24,0.0540,24,2.97,2.63,zone2,60.03
1765155999.09,CAM_003,Av. Salaverry,21,0,3,0,24,0.0540,24,2.97,2.63,zone3,60.03
1765155999.09,CAM_004,Av. Petit Thouars,21,0,3,0,24,0.0540,24,2.97,2.63,zone4,60.03
1765156002.54,CAM_001,Av. Javier Prado,4,6,8,14,32,0.8298,32,5.54,2.01,zone1,60.06
1765156002.54,CAM_002,Av. Arequipa,14,8,10,24,56,0.0757,56,5.38,2.77,zone2,60.06
1765156002.54,CAM_003,Av. Salaverry,14,8,10,24,56,0.0757,56,5.38,2.77,zone3,60.06
1765156002.54,CAM_004,Av. Petit Thouars,14,8,10,24,56,0.0757,56,5.38,2.77,zone4,60.06
1765156005.80,CAM_001,Av. Javier Prado,6,3,10,25,44,0.0339,44,9.05,1.15,zone1,60.04
1765156005.80,CAM_002,Av. Arequipa,27,5,18,42,92,0.0431,92,7.51,2.97,zone2,60.04
1765156005.80,CAM_003,Av. Salaverry,27,5,18,42,92,0.0431,92,7.51,2.97,zone3,60.04
1765156005.80,CAM_004,Av. Petit Thouars,27,5,18,42,92,0.0431,92,7.51,2.97,zone4,60.04
1765156056.49,CAM_001,Av. Javier Prado,42,3,7,0,52,0.0606,52,13.43,1.46,zone1,60.12
1765156056.49,CAM_002,Av. Arequipa,114,4,6,0,124,0.0511,124,5.45,5.89,zone2,60.12
1765156056.49,CAM_003,Av. Salaverry,114,4,6,0,124,0.0511,124,5.45,5.89,zone3,60.12
1765156056.49,CAM_004,Av. Petit Thouars,114,4,6,0,124,0.0511,124,5.45,5.89,zone4,60.12
1765156059.12,CAM_001,Av. Javier Prado,11,0,0,0,11,0.0360,11,2.21,1.34,zone1,60.02
1765156059.12,CAM_002,Av. Arequipa,17,0,1,0,18,0.0328,18,2.14,1.82,zone2,60.02
1765156059.12,CAM_003,Av. Salaverry,17,0,1,0,18,0.0328,18,2.14,1.82,zone3,60.02
1765156059.12,CAM_004,Av. Petit Thouars,17,0,1,0,18,0.0328,18,2.14,1.82,zone4,60.02
1765156062.57,CAM_001,Av. Javier Prado,6,3,13,21,43,0.8363,43,6.47,2.06,zone1,60.03
1765156062.57,CAM_002,Av. Arequipa,32,3,19,27,81,0.0943,81,5.25,3.22,zone2,60.03
1765156062.57,CAM_003,Av. Salaverry,32,3,19,27,81,0.0943,81,5.25,3.22,zone3,60.03
1765156062.57,CAM_004,Av. Petit Thouars,32,3,19,27,81,0.0943,81,5.25,3.22,zone4,60.03
1765156065.88,CAM_001,Av. Javier Prado,13,2,7,23,45,0.0444,45,4.62,2.42,zone1,60.08
1765156065.88,CAM_002,Av. Arequipa,38,13,25,63,139,0.0519,139,5.20,5.82,zone2,60.08
1765156065.88,CAM_003,Av. Salaverry,38,13,25,63,139,0.0519,139,5.20,5.82,zone3,60.08
1765156065.88,CAM_004,Av. Petit Thouars,38,13,25,63,139,0.0519,139,5.20,5.82,zone4,60.08
1765156116.57,CAM_001,Av. Javier Prado,34,2,4,0,40,0.0730,40,18.89,1.43,zone1,60.07
1765156116.57,CAM_002,Av. Arequipa,95,10,3,0,108,0.0650,108,9.44,5.06,zone2,60.07
1765156116.57,CAM_003,Av. Salaverry,95,10,3,0,108,0.0650,108,9.44,5.06,zone3,60.07
1765156116.57,CAM_004,Av. Petit Thouars,95,10,3,0,108,0.0650,108,9.44,5.06,zone4,60.07
1765156119.19,CAM_001,Av. Javier Prado,17,0,0,0,17,0.0459,17,4.15,1.61,zone1,60.07
1765156119.19,CAM_002,Av. Arequipa,19,0,0,0,19,0.0267,19,3.90,1.85,zone2,60.07
1765156119.19,CAM_003,Av. Salaverry,19,0,0,0,19,0.0267,19,3.90,1.85,zone3,60.07
1765156119.19,CAM_004,Av. Petit Thouars,19,0,0,0,19,0.0267,19,3.90,1.85,zone4,60.07
1765156122.71,CAM_001,Av. Javier Prado,8,5,2,33,48,0.8437,48,6.13,2.56,zone1,60.14
1765156122.71,CAM_002,Av. Arequipa,30,5,8,50,93,0.1034,93,6.34,4.45,zone2,60.14
1765156122.71,CAM_003,Av. Salaverry,30,5,8,50,93,0.1034,93,6.34,4.45,zone3,60.14
1765156122.71,CAM_004,Av. Petit Thouars,30,5,8,50,93,0.1034,93,6.34,4.45,zone4,60.14
1765156125.93,CAM_001,Av. Javier Prado,8,9,17,33,67,0.1117,67,9.02,2.13,zone1,60.05
1765156125.93,CAM_002,Av. Arequipa,20,8,14,62,104,0.0600,104,4.66,4.73,zone2,60.05
1765156125.93,CAM_003,Av. Salaverry,20,8,14,62,104,0.0600,104,4.66,4.73,zone3,60.05
1765156125.93,CAM_004,Av. Petit Thouars,20,8,14,62,104,0.0600,104,4.66,4.73,zone4,60.05
1765156176.60,CAM_001,Av. Javier Prado,20,3,2,0,25,0.0556,25,11.35,1.04,zone1,60.03
1765156176.60,CAM_002,Av. Arequipa,84,10,4,0,98,0.1084,98,3.68,5.91,zone2,60.03
1765156176.60,CAM_003,Av. Salaverry,84,10,4,0,98,0.1084,98,3.68,5.91,zone3,60.03
1765156176.60,CAM_004,Av. Petit Thouars,84,10,4,0,98,0.1084,98,3.68,5.91,zone4,60.03
1765156179.24,CAM_001,Av. Javier Prado,14,0,0,0,14,0.0195,14,8.05,1.04,zone1,60.05
1765156179.24,CAM_002,Av. Arequipa,18,0,0,0,18,0.0098,18,6.50,1.03,zone2,60.05
1765156179.24,CAM_003,Av. Salaverry,18,0,0,0,18,0.0098,18,6.50,1.03,zone3,60.05
1765156179.24,CAM_004,Av. Petit Thouars,18,0,0,0,18,0.0098,18,6.50,1.03,zone4,60.05
1765156182.78,CAM_001,Av. Javier Prado,8,2,5,15,30,0.8323,30,5.25,2.08,zone1,60.07
1765156182.78,CAM_002,Av. Arequipa,23,4,6,23,56,0.1052,56,5.35,3.69,zone2,60.07
1765156182.78,CAM_003,Av. Salaverry,23,4,6,23,56,0.1052,56,5.35,3.69,zone3,60.07
1765156182.78,CAM_004,Av. Petit Thouars,23,4,6,23,56,0.1052,56,5.35,3.69,zone4,60.07
1765156185.95,CAM_001,Av. Javier Prado,11,0,4,17,32,0.0359,32,15.53,0.72,zone1,60.02
1765156185.95,CAM_002,Av. Arequipa,32,14,25,34,105,0.0784,105,7.33,4.52,zone2,60.02
1765156185.95,CAM_003,Av. Salaverry,32,14,25,34,105,0.0784,105,7.33,4.52,zone3,60.02
1765156185.95,CAM_004,Av. Petit Thouars,32,14,25,34,105,0.0784,105,7.33,4.52,zone4,60.02
1765156236.60,CAM_001,Av. Javier Prado,35,2,11,0,48,0.0633,48,18.38,1.35,zone1,60.00
1765156236.60,CAM_002,Av. Arequipa,127,6,10,0,143,0.0546,143,9.28,5.02,zone2,60.00
1765156236.60,CAM_003,Av. Salaverry,127,6,10,0,143,0.0546,143,9.28,5.02,zone3,60.00
1765156236.60,CAM_004,Av. Petit Thouars,127,6,10,0,143,0.0546,143,9.28,5.02,zone4,60.00
1765156239.39,CAM_001,Av. Javier Prado,17,0,0,0,17,0.0308,17,12.49,0.78,zone1,60.14
1765156239.39,CAM_002,Av. Arequipa,19,0,0,0,19,0.0078,19,13.09,0.55,zone2,60.14
1765156239.39,CAM_003,Av. Salaverry,19,0,0,0,19,0.0078,19,13.09,0.55,zone3,60.14
1765156239.39,CAM_004,Av. Petit Thouars,19,0,0,0,19,0.0078,19,13.09,0.55,zone4,60.14
1765156242.94,CAM_001,Av. Javier Prado,8,0,4,22,34,0.7882,34,5.67,1.87,zone1,60.16
1765156242.94,CAM_002,Av. Arequipa,30,3,14,28,75,0.0971,75,5.55,3.53,zone2,60.16
1765156242.94,CAM_003,Av. Salaverry,30,3,14,28,75,0.0971,75,5.55,3.53,zone3,60.16
1765156242.94,CAM_004,Av. Petit Thouars,30,3,14,28,75,0.0971,75,5.55,3.53,zone4,60.16
1765156245.98,CAM_001,Av. Javier Prado,9,0,3,26,38,0.0331,38,4.14,1.40,zone1,60.03
1765156245.98,CAM_002,Av. Arequipa,44,6,9,54,113,0.0481,113,3.49,6.31,zone2,60.03
1765156245.98,CAM_003,Av. Salaverry,44,6,9,54,113,0.0481,113,3.49,6.31,zone3,60.03
1765156245.98,CAM_004,Av. Petit Thouars,44,6,9,54,113,0.0481,113,3.49,6.31,zone4,60.03
1765156296.63,CAM_001,Av. Javier Prado,5,0,0,0,5,0.0099,5,13.87,0.24,zone1,60.03
1765156296.63,CAM_002,Av. Arequipa,47,6,1,0,54,0.0314,54,2.22,4.11,zone2,60.03
1765156296.63,CAM_003,Av. Salaverry,47,6,1,0,54,0.0314,54,2.22,4.11,zone3,60.03
1765156296.63,CAM_004,Av. Petit Thouars,47,6,1,0,54,0.0314,54,2.22,4.11,zone4,60.03
1765156299.51,CAM_001,Av. Javier Prado,5,0,0,1,6,0.0035,6,29.70,0.11,zone1,60.12
1765156299.51,CAM_002,Av. Arequipa,5,0,0,0,5,0.0011,5,19.45,0.13,zone2,60.12
1765156299.51,CAM_003,Av. Salaverry,5,0,0,0,5,0.0011,5,19.45,0.13,zone3,60.12
1765156299.51,CAM_004,Av. Petit Thouars,5,0,0,0,5,0.0011,5,19.45,0.13,zone4,60.12
1765156303.03,CAM_001,Av. Javier Prado,11,7,8,11,37,0.8309,37,5.01,2.23,zone1,60.08
1765156303.03,CAM_002,Av. Arequipa,29,7,14,15,65,0.1353,65,5.32,3.75,zone2,60.08
1765156303.03,CAM_003,Av. Salaverry,29,7,14,15,65,0.1353,65,5.32,3.75,zone3,60.08
1765156303.03,CAM_004,Av. Petit Thouars,29,7,14,15,65,0.1353,65,5.32,3.75,zone4,60.08
1765156306.07,CAM_001,Av. Javier Prado,7,3,5,33,48,0.0470,48,9.91,1.44,zone1,60.09
1765156306.07,CAM_002,Av. Arequipa,19,14,13,54,100,0.0431,100,4.85,4.10,zone2,60.09
1765156306.07,CAM_003,Av. Salaverry,19,14,13,54,100,0.0431,100,4.85,4.10,zone3,60.09
1765156306.07,CAM_004,Av. Petit Thouars,19,14,13,54,100,0.0431,100,4.85,4.10,zone4,60.09
1765156356.67,CAM_001,Av. Javier Prado,41,3,3,0,47,0.0990,47,17.12,1.83,zone1,60.04
1765156356.67,CAM_002,Av. Arequipa,89,6,3,0,98,0.0707,98,8.88,5.71,zone2,60.04
1765156356.67,CAM_003,Av. Salaverry,89,6,3,0,98,0.0707,98,8.88,5.71,zone3,60.04
1765156356.67,CAM_004,Av. Petit Thouars,89,6,3,0,98,0.0707,98,8.88,5.71,zone4,60.04
1765156359.53,CAM_001,Av. Javier Prado,8,0,0,0,8,0.0126,8,21.24,0.34,zone1,60.02
1765156359.53,CAM_002,Av. Arequipa,10,0,0,0,10,0.0135,10,8.14,0.86,zone2,60.02
1765156359.53,CAM_003,Av. Salaverry,10,0,0,0,10,0.0135,10,8.14,0.86,zone3,60.02
1765156359.53,CAM_004,Av. Petit Thouars,10,0,0,0,10,0.0135,10,8.14,0.86,zone4,60.02
1765156363.04,CAM_001,Av. Javier Prado,10,4,11,20,45,0.8632,45,6.75,2.60,zone1,60.02
1765156363.04,CAM_002,Av. Arequipa,37,9,19,26,91,0.1660,91,6.62,4.67,zone2,60.02
1765156363.04,CAM_003,Av. Salaverry,37,9,19,26,91,0.1660,91,6.62,4.67,zone3,60.02
1765156363.04,CAM_004,Av. Petit Thouars,37,9,19,26,91,0.1660,91,6.62,4.67,zone4,60.02
1765156366.14,CAM_001,Av. Javier Prado,9,0,3,12,24,0.0141,24,13.33,0.62,zone1,60.07
1765156366.14,CAM_002,Av. Arequipa,32,15,40,51,138,0.0659,138,6.42,5.20,zone2,60.07
1765156366.14,CAM_003,Av. Salaverry,32,15,40,51,138,0.0659,138,6.42,5.20,zone3,60.07
1765156366.14,CAM_004,Av. Petit Thouars,32,15,40,51,138,0.0659,138,6.42,5.20,zone4,60.07
1765156416.79,CAM_001,Av. Javier Prado,16,1,0,0,17,0.0201,17,18.98,0.53,zone1,60.11
1765156416.79,CAM_002,Av. Arequipa,56,4,0,0,60,0.0349,60,5.35,4.05,zone2,60.11
1765156416.79,CAM_003,Av. Salaverry,56,4,0,0,60,0.0349,60,5.35,4.05,zone3,60.11
1765156416.79,CAM_004,Av. Petit Thouars,56,4,0,0,60,0.0349,60,5.35,4.05,zone4,60.11
1765156419.63,CAM_001,Av. Javier Prado,8,0,0,0,8,0.0112,8,13.69,0.45,zone1,60.10
1765156419.63,CAM_002,Av. Arequipa,12,0,0,0,12,0.0053,12,9.37,0.60,zone2,60.10
1765156419.63,CAM_003,Av. Salaverry,12,0,0,0,12,0.0053,12,9.37,0.60,zone3,60.10
1765156419.63,CAM_004,Av. Petit Thouars,12,0,0,0,12,0.0053,12,9.37,0.60,zone4,60.10
1765156423.18,CAM_001,Av. Javier Prado,13,5,9,15,42,0.8611,42,4.41,2.31,zone1,60.14
1765156423.18,CAM_002,Av. Arequipa,32,5,19,19,75,0.1838,75,4.48,4.34,zone2,60.14
1765156423.18,CAM_003,Av. Salaverry,32,5,19,19,75,0.1838,75,4.48,4.34,zone3,60.14
1765156423.18,CAM_004,Av. Petit Thouars,32,5,19,19,75,0.1838,75,4.48,4.34,zone4,60.14
1765156426.19,CAM_001,Av. Javier Prado,16,8,11,27,62,0.1222,62,9.28,2.06,zone1,60.05
1765156426.19,CAM_002,Av. Arequipa,27,18,22,71,138,0.0711,138,4.77,5.23,zone2,60.05
1765156426.19,CAM_003,Av. Salaverry,27,18,22,71,138,0.0711,138,4.77,5.23,zone3,60.05
1765156426.19,CAM_004,Av. Petit Thouars,27,18,22,71,138,0.0711,138,4.77,5.23,zone4,60.05
1765156476.85,CAM_001,Av. Javier Prado,25,4,2,0,31,0.0450,31,10.94,1.09,zone1,60.06
1765156476.85,CAM_002,Av. Arequipa,103,3,3,0,109,0.0373,109,5.16,4.23,zone2,60.06
1765156476.85,CAM_003,Av. Salaverry,103,3,3,0,109,0.0373,109,5.16,4.23,zone3,60.06
1765156476.85,CAM_004,Av. Petit Thouars,103,3,3,0,109,0.0373,109,5.16,4.23,zone4,60.06
1765156479.67,CAM_001,Av. Javier Prado,13,0,0,0,13,0.0139,13,10.39,0.51,zone1,60.04
1765156479.67,CAM_002,Av. Arequipa,17,0,0,0,17,0.0076,17,8.48,0.61,zone2,60.04
1765156479.67,CAM_003,Av. Salaverry,17,0,0,0,17,0.0076,17,8.48,0.61,zone3,60.04
1765156479.67,CAM_004,Av. Petit Thouars,17,0,0,0,17,0.0076,17,8.48,0.61,zone4,60.04
1765156483.21,CAM_001,Av. Javier Prado,13,1,8,26,48,0.8428,48,6.92,2.09,zone1,60.03
1765156483.21,CAM_002,Av. Arequipa,28,1,11,30,70,0.0874,70,6.01,3.51,zone2,60.03
1765156483.21,CAM_003,Av. Salaverry,28,1,11,30,70,0.0874,70,6.01,3.51,zone3,60.03
1765156483.21,CAM_004,Av. Petit Thouars,28,1,11,30,70,0.0874,70,6.01,3.51,zone4,60.03
1765156486.19,CAM_001,Av. Javier Prado,12,6,24,11,53,0.1030,53,11.37,2.03,zone1,60.00
1765156486.19,CAM_002,Av. Arequipa,34,18,56,26,134,0.0997,134,7.10,6.23,zone2,60.00
1765156486.19,CAM_003,Av. Salaverry,34,18,56,26,134,0.0997,134,7.10,6.23,zone3,60.00
1765156486.19,CAM_004,Av. Petit Thouars,34,18,56,26,134,0.0997,134,7.10,6.23,zone4,60.00
1765156536.94,CAM_001,Av. Javier Prado,19,1,9,0,29,0.0257,29,16.86,0.51,zone1,60.09
1765156536.94,CAM_002,Av. Arequipa,86,4,10,0,100,0.0302,100,5.25,3.36,zone2,60.09
1765156536.94,CAM_003,Av. Salaverry,86,4,10,0,100,0.0302,100,5.25,3.36,zone3,60.09
1765156536.94,CAM_004,Av. Petit Thouars,86,4,10,0,100,0.0302,100,5.25,3.36,zone4,60.09
1765156539.72,CAM_001,Av. Javier Prado,9,0,0,0,9,0.0116,9,24.75,0.37,zone1,60.05
1765156539.72,CAM_002,Av. Arequipa,10,0,0,0,10,0.0048,10,20.66,0.38,zone2,60.05
1765156539.72,CAM_003,Av. Salaverry,10,0,0,0,10,0.0048,10,20.66,0.38,zone3,60.05
1765156539.72,CAM_004,Av. Petit Thouars,10,0,0,0,10,0.0048,10,20.66,0.38,zone4,60.05
1765156543.28,CAM_001,Av. Javier Prado,9,1,9,15,34,0.8539,34,6.04,2.02,zone1,60.08
1765156543.28,CAM_002,Av. Arequipa,29,2,10,26,67,0.1202,67,4.81,3.67,zone2,60.08
1765156543.28,CAM_003,Av. Salaverry,29,2,10,26,67,0.1202,67,4.81,3.67,zone3,60.08
1765156543.28,CAM_004,Av. Petit Thouars,29,2,10,26,67,0.1202,67,4.81,3.67,zone4,60.08
1765156546.24,CAM_001,Av. Javier Prado,14,1,5,27,47,0.0714,47,3.51,3.14,zone1,60.05
1765156546.24,CAM_002,Av. Arequipa,52,8,15,57,132,0.0766,132,3.80,7.28,zone2,60.05
1765156546.24,CAM_003,Av. Salaverry,52,8,15,57,132,0.0766,132,3.80,7.28,zone3,60.05
1765156546.24,CAM_004,Av. Petit Thouars,52,8,15,57,132,0.0766,132,3.80,7.28,zone4,60.05
1765156597.04,CAM_001,Av. Javier Prado,34,1,3,0,38,0.0776,38,13.36,1.26,zone1,60.10
1765156597.04,CAM_002,Av. Arequipa,91,2,5,0,98,0.0662,98,4.34,6.84,zone2,60.10
1765156597.04,CAM_003,Av. Salaverry,91,2,5,0,98,0.0662,98,4.34,6.84,zone3,60.10
1765156597.04,CAM_004,Av. Petit Thouars,91,2,5,0,98,0.0662,98,4.34,6.84,zone4,60.10
1765156599.86,CAM_001,Av. Javier Prado,16,0,0,0,16,0.0344,16,9.82,1.18,zone1,60.15
1765156599.86,CAM_002,Av. Arequipa,18,0,5,0,23,0.0337,23,5.01,1.94,zone2,60.15
1765156599.86,CAM_003,Av. Salaverry,18,0,5,0,23,0.0337,23,5.01,1.94,zone3,60.15
1765156599.86,CAM_004,Av. Petit Thouars,18,0,5,0,23,0.0337,23,5.01,1.94,zone4,60.15
1765156603.39,CAM_001,Av. Javier Prado,22,0,15,17,54,0.9637,54,2.66,3.01,zone1,60.11
1765156603.39,CAM_002,Av. Arequipa,38,0,19,22,79,0.1743,79,3.35,4.46,zone2,60.11
1765156603.39,CAM_003,Av. Salaverry,38,0,19,22,79,0.1743,79,3.35,4.46,zone3,60.11
1765156603.39,CAM_004,Av. Petit Thouars,38,0,19,22,79,0.1743,79,3.35,4.46,zone4,60.11
1765156606.42,CAM_001,Av. Javier Prado,23,5,11,39,78,0.0995,78,9.70,2.69,zone1,60.18
1765156606.42,CAM_002,Av. Arequipa,43,13,16,66,138,0.0617,138,5.20,5.56,zone2,60.18
1765156606.42,CAM_003,Av. Salaverry,43,13,16,66,138,0.0617,138,5.20,5.56,zone3,60.18
1765156606.42,CAM_004,Av. Petit Thouars,43,13,16,66,138,0.0617,138,5.20,5.56,zone4,60.18
1765156657.16,CAM_001,Av. Javier Prado,42,4,8,0,54,0.0461,54,16.19,1.34,zone1,60.12
1765156657.16,CAM_002,Av. Arequipa,103,4,11,0,118,0.0446,118,8.69,4.65,zone2,60.12
1765156657.16,CAM_003,Av. Salaverry,103,4,11,0,118,0.0446,118,8.69,4.65,zone3,60.12
1765156657.16,CAM_004,Av. Petit Thouars,103,4,11,0,118,0.0446,118,8.69,4.65,zone4,60.12
1765156659.88,CAM_001,Av. Javier Prado,11,0,0,0,11,0.0276,11,6.42,0.66,zone1,60.02
1765156659.88,CAM_002,Av. Arequipa,9,0,0,0,9,0.0064,9,7.53,0.49,zone2,60.02
1765156659.88,CAM_003,Av. Salaverry,9,0,0,0,9,0.0064,9,7.53,0.49,zone3,60.02
1765156659.88,CAM_004,Av. Petit Thouars,9,0,0,0,9,0.0064,9,7.53,0.49,zone4,60.02
1765156663.42,CAM_001,Av. Javier Prado,27,2,14,17,60,0.9816,60,3.78,3.53,zone1,60.02
1765156663.42,CAM_002,Av. Arequipa,53,1,21,27,102,0.2590,102,4.65,5.04,zone2,60.02
1765156663.42,CAM_003,Av. Salaverry,53,1,21,27,102,0.2590,102,4.65,5.04,zone3,60.02
1765156663.42,CAM_004,Av. Petit Thouars,53,1,21,27,102,0.2590,102,4.65,5.04,zone4,60.02
1765156666.48,CAM_001,Av. Javier Prado,32,2,8,17,59,0.0759,59,6.64,3.67,zone1,60.07
1765156666.48,CAM_002,Av. Arequipa,61,14,22,40,137,0.0799,137,6.18,7.30,zone2,60.07
1765156666.48,CAM_003,Av. Salaverry,61,14,22,40,137,0.0799,137,6.18,7.30,zone3,60.07
1765156666.48,CAM_004,Av. Petit Thouars,61,14,22,40,137,0.0799,137,6.18,7.30,zone4,60.07
1765156717.20,CAM_001,Av. Javier Prado,4,0,1,0,5,0.0020,5,3.53,0.11,zone1,60.04
1765156717.20,CAM_002,Av. Arequipa,49,1,0,0,50,0.0186,50,0.96,4.34,zone2,60.04
1765156717.20,CAM_003,Av. Salaverry,49,1,0,0,50,0.0186,50,0.96,4.34,zone3,60.04
1765156717.20,CAM_004,Av. Petit Thouars,49,1,0,0,50,0.0186,50,0.96,4.34,zone4,60.04
1765156719.97,CAM_001,Av. Javier Prado,6,0,0,0,6,0.0079,6,6.71,0.38,zone1,60.10
1765156719.97,CAM_002,Av. Arequipa,5,0,0,0,5,0.0036,5,5.95,0.41,zone2,60.10
1765156719.97,CAM_003,Av. Salaverry,5,0,0,0,5,0.0036,5,5.95,0.41,zone3,60.10
1765156719.97,CAM_004,Av. Petit Thouars,5,0,0,0,5,0.0036,5,5.95,0.41,zone4,60.10
1765156723.44,CAM_001,Av. Javier Prado,18,3,21,9,51,0.9166,51,3.42,3.06,zone1,60.03
1765156723.44,CAM_002,Av. Arequipa,35,4,26,14,79,0.1575,79,4.74,4.31,zone2,60.03
1765156723.44,CAM_003,Av. Salaverry,35,4,26,14,79,0.1575,79,4.74,4.31,zone3,60.03
1765156723.44,CAM_004,Av. Petit Thouars,35,4,26,14,79,0.1575,79,4.74,4.31,zone4,60.03
1765156726.49,CAM_001,Av. Javier Prado,14,3,14,38,69,0.0694,69,7.25,2.02,zone1,60.00
1765156726.49,CAM_002,Av. Arequipa,30,10,20,64,124,0.0538,124,4.60,4.75,zone2,60.00
1765156726.49,CAM_003,Av. Salaverry,30,10,20,64,124,0.0538,124,4.60,4.75,zone3,60.00
1765156726.49,CAM_004,Av. Petit Thouars,30,10,20,64,124,0.0538,124,4.60,4.75,zone4,60.00
1765156777.26,CAM_001,Av. Javier Prado,52,2,8,0,62,0.1106,62,13.31,2.36,zone1,60.06
1765156777.26,CAM_002,Av. Arequipa,134,3,6,0,143,0.0779,143,6.84,6.47,zone2,60.06
1765156777.26,CAM_003,Av. Salaverry,134,3,6,0,143,0.0779,143,6.84,6.47,zone3,60.06
1765156777.26,CAM_004,Av. Petit Thouars,134,3,6,0,143,0.0779,143,6.84,6.47,zone4,60.06
1765156780.06,CAM_001,Av. Javier Prado,4,0,0,0,4,0.0138,4,9.15,0.58,zone1,60.09
1765156780.06,CAM_002,Av. Arequipa,7,0,0,0,7,0.0120,7,4.97,0.86,zone2,60.09
1765156780.06,CAM_003,Av. Salaverry,7,0,0,0,7,0.0120,7,4.97,0.86,zone3,60.09
1765156780.06,CAM_004,Av. Petit Thouars,7,0,0,0,7,0.0120,7,4.97,0.86,zone4,60.09
1765156783.49,CAM_001,Av. Javier Prado,7,6,14,12,39,0.9387,39,3.42,3.42,zone1,60.05
1765156783.49,CAM_002,Av. Arequipa,20,7,19,23,69,0.1882,69,3.81,4.19,zone2,60.05
1765156783.49,CAM_003,Av. Salaverry,20,7,19,23,69,0.1882,69,3.81,4.19,zone3,60.05
1765156783.49,CAM_004,Av. Petit Thouars,20,7,19,23,69,0.1882,69,3.81,4.19,zone4,60.05
1765156786.57,CAM_001,Av. Javier Prado,15,11,21,6,53,0.0896,53,7.36,2.47,zone1,60.09
1765156786.57,CAM_002,Av. Arequipa,33,21,25,23,102,0.0669,102,5.17,6.27,zone2,60.09
1765156786.57,CAM_003,Av. Salaverry,33,21,25,23,102,0.0669,102,5.17,6.27,zone3,60.09
1765156786.57,CAM_004,Av. Petit Thouars,33,21,25,23,102,0.0669,102,5.17,6.27,zone4,60.09
1765156837.26,CAM_001,Av. Javier Prado,7,0,0,0,7,0.0112,7,13.25,0.41,zone1,60.01
1765156837.26,CAM_002,Av. Arequipa,46,4,0,0,50,0.0180,50,3.64,3.43,zone2,60.01
1765156837.26,CAM_003,Av. Salaverry,46,4,0,0,50,0.0180,50,3.64,3.43,zone3,60.01
1765156837.26,CAM_004,Av. Petit Thouars,46,4,0,0,50,0.0180,50,3.64,3.43,zone4,60.01
1765156840.17,CAM_001,Av. Javier Prado,4,0,0,0,4,0.0156,4,2.91,0.88,zone1,60.10
1765156840.17,CAM_002,Av. Arequipa,6,0,0,0,6,0.0228,6,1.51,1.84,zone2,60.10
1765156840.17,CAM_003,Av. Salaverry,6,0,0,0,6,0.0228,6,1.51,1.84,zone3,60.10
1765156840.17,CAM_004,Av. Petit Thouars,6,0,0,0,6,0.0228,6,1.51,1.84,zone4,60.10
1765156843.63,CAM_001,Av. Javier Prado,19,2,13,21,55,0.9222,55,2.65,3.68,zone1,60.13
1765156843.63,CAM_002,Av. Arequipa,34,2,16,28,80,0.2063,80,3.67,5.09,zone2,60.13
1765156843.63,CAM_003,Av. Salaverry,34,2,16,28,80,0.2063,80,3.67,5.09,zone3,60.13
1765156843.63,CAM_004,Av. Petit Thouars,34,2,16,28,80,0.2063,80,3.67,5.09,zone4,60.13
1765156846.65,CAM_001,Av. Javier Prado,6,7,11,33,57,0.0476,57,2.18,3.52,zone1,60.08
1765156846.65,CAM_002,Av. Arequipa,21,12,28,63,124,0.0546,124,3.90,7.46,zone2,60.08
1765156846.65,CAM_003,Av. Salaverry,21,12,28,63,124,0.0546,124,3.90,7.46,zone3,60.08
1765156846.65,CAM_004,Av. Petit Thouars,21,12,28,63,124,0.0546,124,3.90,7.46,zone4,60.08
1765156897.26,CAM_001,Av. Javier Prado,31,3,10,0,44,0.0726,44,10.21,1.81,zone1,60.00
1765156897.26,CAM_002,Av. Arequipa,100,7,9,0,116,0.0671,116,5.03,6.99,zone2,60.00
1765156897.26,CAM_003,Av. Salaverry,100,7,9,0,116,0.0671,116,5.03,6.99,zone3,60.00
1765156897.26,CAM_004,Av. Petit Thouars,100,7,9,0,116,0.0671,116,5.03,6.99,zone4,60.00
1765156900.17,CAM_001,Av. Javier Prado,6,0,0,0,6,0.0053,6,12.10,0.20,zone1,60.00
1765156900.17,CAM_002,Av. Arequipa,13,0,0,0,13,0.0118,13,5.28,0.71,zone2,60.00
1765156900.17,CAM_003,Av. Salaverry,13,0,0,0,13,0.0118,13,5.28,0.71,zone3,60.00
1765156900.17,CAM_004,Av. Petit Thouars,13,0,0,0,13,0.0118,13,5.28,0.71,zone4,60.00
1765156903.68,CAM_001,Av. Javier Prado,18,7,12,13,50,0.9308,50,5.00,3.02,zone1,60.05
1765156903.68,CAM_002,Av. Arequipa,37,7,15,18,77,0.2567,77,7.08,4.55,zone2,60.05
1765156903.68,CAM_003,Av. Salaverry,37,7,15,18,77,0.2567,77,7.08,4.55,zone3,60.05
1765156903.68,CAM_004,Av. Petit Thouars,37,7,15,18,77,0.2567,77,7.08,4.55,zone4,60.05
1765156906.73,CAM_001,Av. Javier Prado,27,16,16,32,91,0.1539,91,11.30,3.23,zone1,60.08
1765156906.73,CAM_002,Av. Arequipa,51,22,22,55,150,0.0791,150,6.54,5.90,zone2,60.08
1765156906.73,CAM_003,Av. Salaverry,51,22,22,55,150,0.0791,150,6.54,5.90,zone3,60.08
1765156906.73,CAM_004,Av. Petit Thouars,51,22,22,55,150,0.0791,150,6.54,5.90,zone4,60.08
1765156957.36,CAM_001,Av. Javier Prado,16,0,5,0,21,0.0243,21,18.01,0.53,zone1,60.09
1765156957.36,CAM_002,Av. Arequipa,52,2,9,0,63,0.0286,63,4.39,3.60,zone2,60.09
1765156957.36,CAM_003,Av. Salaverry,52,2,9,0,63,0.0286,63,4.39,3.60,zone3,60.09
1765156957.36,CAM_004,Av. Petit Thouars,52,2,9,0,63,0.0286,63,4.39,3.60,zone4,60.09
1765156960.23,CAM_001,Av. Javier Prado,7,0,0,0,7,0.0294,7,4.91,1.18,zone1,60.07
1765156960.23,CAM_002,Av. Arequipa,19,0,0,0,19,0.0266,19,3.59,1.80,zone2,60.07
1765156960.23,CAM_003,Av. Salaverry,19,0,0,0,19,0.0266,19,3.59,1.80,zone3,60.07
1765156960.23,CAM_004,Av. Petit Thouars,19,0,0,0,19,0.0266,19,3.59,1.80,zone4,60.07
1765156963.78,CAM_001,Av. Javier Prado,16,12,10,24,62,0.9360,62,5.57,3.20,zone1,60.10
1765156963.78,CAM_002,Av. Arequipa,22,13,13,32,80,0.2436,80,5.43,4.15,zone2,60.10
1765156963.78,CAM_003,Av. Salaverry,22,13,13,32,80,0.2436,80,5.43,4.15,zone3,60.10
1765156963.78,CAM_004,Av. Petit Thouars,22,13,13,32,80,0.2436,80,5.43,4.15,zone4,60.10
1765156966.77,CAM_001,Av. Javier Prado,12,5,16,18,51,0.0530,51,7.67,1.33,zone1,60.04
1765156966.77,CAM_002,Av. Arequipa,33,11,31,43,118,0.0556,118,7.35,3.73,zone2,60.04
1765156966.77,CAM_003,Av. Salaverry,33,11,31,43,118,0.0556,118,7.35,3.73,zone3,60.04
1765156966.77,CAM_004,Av. Petit Thouars,33,11,31,43,118,0.0556,118,7.35,3.73,zone4,60.04
1765157017.44,CAM_001,Av. Javier Prado,24,1,3,0,28,0.0772,28,13.08,1.11,zone1,60.08
1765157017.44,CAM_002,Av. Arequipa,76,5,1,0,82,0.0577,82,4.17,5.54,zone2,60.08
1765157017.44,CAM_003,Av. Salaverry,76,5,1,0,82,0.0577,82,4.17,5.54,zone3,60.08
1765157017.44,CAM_004,Av. Petit Thouars,76,5,1,0,82,0.0577,82,4.17,5.54,zone4,60.08
1765157020.30,CAM_001,Av. Javier Prado,10,0,0,0,10,0.0287,10,1.66,1.32,zone1,60.07
1765157020.30,CAM_002,Av. Arequipa,11,0,0,0,11,0.0251,11,1.33,1.84,zone2,60.07
1765157020.30,CAM_003,Av. Salaverry,11,0,0,0,11,0.0251,11,1.33,1.84,zone3,60.07
1765157020.30,CAM_004,Av. Petit Thouars,11,0,0,0,11,0.0251,11,1.33,1.84,zone4,60.07
1765157023.83,CAM_001,Av. Javier Prado,13,1,11,27,52,0.8486,52,6.90,2.13,zone1,60.05
1765157023.83,CAM_002,Av. Arequipa,26,2,20,38,86,0.1280,86,5.45,4.63,zone2,60.05
1765157023.83,CAM_003,Av. Salaverry,26,2,20,38,86,0.1280,86,5.45,4.63,zone3,60.05
1765157023.83,CAM_004,Av. Petit Thouars,26,2,20,38,86,0.1280,86,5.45,4.63,zone4,60.05
1765157026.88,CAM_001,Av. Javier Prado,5,5,13,27,50,0.0458,50,5.43,1.73,zone1,60.11
1765157026.88,CAM_002,Av. Arequipa,17,12,20,62,111,0.0416,111,5.16,4.20,zone2,60.11
1765157026.88,CAM_003,Av. Salaverry,17,12,20,62,111,0.0416,111,5.16,4.20,zone3,60.11
1765157026.88,CAM_004,Av. Petit Thouars,17,12,20,62,111,0.0416,111,5.16,4.20,zone4,60.11
1765157077.52,CAM_001,Av. Javier Prado,38,2,4,0,44,0.0528,44,16.56,1.33,zone1,60.08
1765157077.52,CAM_002,Av. Arequipa,108,2,4,0,114,0.0388,114,7.90,4.32,zone2,60.08
1765157077.52,CAM_003,Av. Salaverry,108,2,4,0,114,0.0388,114,7.90,4.32,zone3,60.08
1765157077.52,CAM_004,Av. Petit Thouars,108,2,4,0,114,0.0388,114,7.90,4.32,zone4,60.08
1765157080.34,CAM_001,Av. Javier Prado,13,0,0,0,13,0.0776,13,2.91,2.14,zone1,60.03
1765157080.34,CAM_002,Av. Arequipa,16,0,0,0,16,0.0236,16,3.99,1.53,zone2,60.03
1765157080.34,CAM_003,Av. Salaverry,16,0,0,0,16,0.0236,16,3.99,1.53,zone3,60.03
1765157080.34,CAM_004,Av. Petit Thouars,16,0,0,0,16,0.0236,16,3.99,1.53,zone4,60.03
1765157083.89,CAM_001,Av. Javier Prado,9,0,6,32,47,0.8699,47,7.29,3.04,zone1,60.06
1765157083.89,CAM_002,Av. Arequipa,20,0,12,40,72,0.1121,72,5.83,5.38,zone2,60.06
1765157083.89,CAM_003,Av. Salaverry,20,0,12,40,72,0.1121,72,5.83,5.38,zone3,60.06
1765157083.89,CAM_004,Av. Petit Thouars,20,0,12,40,72,0.1121,72,5.83,5.38,zone4,60.06
1765157086.94,CAM_001,Av. Javier Prado,15,5,17,22,59,0.0766,59,13.03,1.92,zone1,60.07
1765157086.94,CAM_002,Av. Arequipa,29,9,25,33,96,0.0579,96,8.15,4.40,zone2,60.07
1765157086.94,CAM_003,Av. Salaverry,29,9,25,33,96,0.0579,96,8.15,4.40,zone3,60.07
1765157086.94,CAM_004,Av. Petit Thouars,29,9,25,33,96,0.0579,96,8.15,4.40,zone4,60.07
1765157137.58,CAM_001,Av. Javier Prado,2,2,1,0,5,0.0064,5,3.48,0.23,zone1,60.06
1765157137.58,CAM_002,Av. Arequipa,51,5,2,0,58,0.0221,58,1.62,4.15,zone2,60.06
1765157137.58,CAM_003,Av. Salaverry,51,5,2,0,58,0.0221,58,1.62,4.15,zone3,60.06
1765157137.58,CAM_004,Av. Petit Thouars,51,5,2,0,58,0.0221,58,1.62,4.15,zone4,60.06
1765157140.40,CAM_001,Av. Javier Prado,13,0,0,0,13,0.0374,13,6.35,0.84,zone1,60.07
1765157140.40,CAM_002,Av. Arequipa,15,0,0,0,15,0.0055,15,9.27,0.46,zone2,60.07
1765157140.40,CAM_003,Av. Salaverry,15,0,0,0,15,0.0055,15,9.27,0.46,zone3,60.07
1765157140.40,CAM_004,Av. Petit Thouars,15,0,0,0,15,0.0055,15,9.27,0.46,zone4,60.07
1765157144.00,CAM_001,Av. Javier Prado,18,5,14,19,56,0.9770,56,2.85,3.88,zone1,60.12
1765157144.00,CAM_002,Av. Arequipa,37,5,19,28,89,0.3875,89,3.95,5.19,zone2,60.12
1765157144.00,CAM_003,Av. Salaverry,37,5,19,28,89,0.3875,89,3.95,5.19,zone3,60.12
1765157144.00,CAM_004,Av. Petit Thouars,37,5,19,28,89,0.3875,89,3.95,5.19,zone4,60.12
1765157146.97,CAM_001,Av. Javier Prado,10,3,10,25,48,0.0768,48,4.88,2.15,zone1,60.03
1765157146.97,CAM_002,Av. Arequipa,29,6,26,78,139,0.0777,139,5.96,5.50,zone2,60.03
1765157146.97,CAM_003,Av. Salaverry,29,6,26,78,139,0.0777,139,5.96,5.50,zone3,60.03
1765157146.97,CAM_004,Av. Petit Thouars,29,6,26,78,139,0.0777,139,5.96,5.50,zone4,60.03
1765157197.60,CAM_001,Av. Javier Prado,45,0,6,0,51,0.0716,51,13.48,1.56,zone1,60.02
1765157197.60,CAM_002,Av. Arequipa,115,2,7,0,124,0.0483,124,7.41,4.59,zone2,60.02
1765157197.60,CAM_003,Av. Salaverry,115,2,7,0,124,0.0483,124,7.41,4.59,zone3,60.02
1765157197.60,CAM_004,Av. Petit Thouars,115,2,7,0,124,0.0483,124,7.41,4.59,zone4,60.02
1765157200.45,CAM_001,Av. Javier Prado,18,2,0,0,20,0.0756,20,3.86,1.78,zone1,60.04
1765157200.45,CAM_002,Av. Arequipa,22,0,0,0,22,0.0160,22,3.62,1.63,zone2,60.04
1765157200.45,CAM_003,Av. Salaverry,22,0,0,0,22,0.0160,22,3.62,1.63,zone3,60.04
1765157200.45,CAM_004,Av. Petit Thouars,22,0,0,0,22,0.0160,22,3.62,1.63,zone4,60.04
1765157204.09,CAM_001,Av. Javier Prado,13,6,16,12,47,0.9677,47,4.06,3.33,zone1,60.09
1765157204.09,CAM_002,Av. Arequipa,30,8,18,28,84,0.2691,84,4.75,4.34,zone2,60.09
1765157204.09,CAM_003,Av. Salaverry,30,8,18,28,84,0.2691,84,4.75,4.34,zone3,60.09
1765157204.09,CAM_004,Av. Petit Thouars,30,8,18,28,84,0.2691,84,4.75,4.34,zone4,60.09
1765157207.07,CAM_001,Av. Javier Prado,12,11,22,37,82,0.1555,82,7.09,3.73,zone1,60.10
1765157207.07,CAM_002,Av. Arequipa,32,15,25,58,130,0.0825,130,4.74,5.99,zone2,60.10
1765157207.07,CAM_003,Av. Salaverry,32,15,25,58,130,0.0825,130,4.74,5.99,zone3,60.10
1765157207.07,CAM_004,Av. Petit Thouars,32,15,25,58,130,0.0825,130,4.74,5.99,zone4,60.10
1765157257.67,CAM_001,Av. Javier Prado,8,1,0,0,9,0.0052,9,11.12,0.21,zone1,60.07
1765157257.67,CAM_002,Av. Arequipa,48,2,4,0,54,0.0161,54,2.92,2.74,zone2,60.07
1765157257.67,CAM_003,Av. Salaverry,48,2,4,0,54,0.0161,54,2.92,2.74,zone3,60.07
1765157257.67,CAM_004,Av. Petit Thouars,48,2,4,0,54,0.0161,54,2.92,2.74,zone4,60.07
1765157260.48,CAM_001,Av. Javier Prado,18,0,0,0,18,0.0510,18,3.69,1.78,zone1,60.03
1765157260.48,CAM_002,Av. Arequipa,24,0,0,0,24,0.0184,24,3.84,1.58,zone2,60.03
1765157260.48,CAM_003,Av. Salaverry,24,0,0,0,24,0.0184,24,3.84,1.58,zone3,60.03
1765157260.48,CAM_004,Av. Petit Thouars,24,0,0,0,24,0.0184,24,3.84,1.58,zone4,60.03
1765157264.17,CAM_001,Av. Javier Prado,14,22,32,18,86,0.9958,86,3.63,4.53,zone1,60.09
1765157264.17,CAM_002,Av. Arequipa,40,23,39,32,134,0.3737,134,4.73,5.97,zone2,60.09
1765157264.17,CAM_003,Av. Salaverry,40,23,39,32,134,0.3737,134,4.73,5.97,zone3,60.09
1765157264.17,CAM_004,Av. Petit Thouars,40,23,39,32,134,0.3737,134,4.73,5.97,zone4,60.09
1765157267.15,CAM_001,Av. Javier Prado,10,8,15,20,53,0.1143,53,7.65,2.48,zone1,60.08
1765157267.15,CAM_002,Av. Arequipa,26,25,34,30,115,0.0976,115,6.29,6.01,zone2,60.08
1765157267.15,CAM_003,Av. Salaverry,26,25,34,30,115,0.0976,115,6.29,6.01,zone3,60.08
1765157267.15,CAM_004,Av. Petit Thouars,26,25,34,30,115,0.0976,115,6.29,6.01,zone4,60.08
1765157317.74,CAM_001,Av. Javier Prado,35,4,9,0,48,0.1100,48,11.34,1.88,zone1,60.07
1765157317.74,CAM_002,Av. Arequipa,103,6,9,0,118,0.0780,118,5.55,5.67,zone2,60.07
1765157317.74,CAM_003,Av. Salaverry,103,6,9,0,118,0.0780,118,5.55,5.67,zone3,60.07
1765157317.74,CAM_004,Av. Petit Thouars,103,6,9,0,118,0.0780,118,5.55,5.67,zone4,60.07
1765157320.56,CAM_001,Av. Javier Prado,8,0,0,0,8,0.0173,8,8.48,0.53,zone1,60.08
1765157320.56,CAM_002,Av. Arequipa,12,0,3,0,15,0.0160,15,5.31,0.85,zone2,60.08
1765157320.56,CAM_003,Av. Salaverry,12,0,3,0,15,0.0160,15,5.31,0.85,zone3,60.08
1765157320.56,CAM_004,Av. Petit Thouars,12,0,3,0,15,0.0160,15,5.31,0.85,zone4,60.08
1765157324.24,CAM_001,Av. Javier Prado,19,5,27,14,65,0.9816,65,3.20,4.36,zone1,60.06
1765157324.24,CAM_002,Av. Arequipa,32,5,34,23,94,0.2330,94,4.46,5.10,zone2,60.06
1765157324.24,CAM_003,Av. Salaverry,32,5,34,23,94,0.2330,94,4.46,5.10,zone3,60.06
1765157324.24,CAM_004,Av. Petit Thouars,32,5,34,23,94,0.2330,94,4.46,5.10,zone4,60.06
1765157327.20,CAM_001,Av. Javier Prado,11,6,16,26,59,0.1202,59,9.02,2.20,zone1,60.05
1765157327.20,CAM_002,Av. Arequipa,29,9,32,42,112,0.0804,112,5.71,4.39,zone2,60.05
1765157327.20,CAM_003,Av. Salaverry,29,9,32,42,112,0.0804,112,5.71,4.39,zone3,60.05
1765157327.20,CAM_004,Av. Petit Thouars,29,9,32,42,112,0.0804,112,5.71,4.39,zone4,60.05
1765157377.81,CAM_001,Av. Javier Prado,17,0,5,0,22,0.0217,22,24.14,0.58,zone1,60.07
1765157377.81,CAM_002,Av. Arequipa,60,0,5,0,65,0.0241,65,9.31,3.08,zone2,60.07
1765157377.81,CAM_003,Av. Salaverry,60,0,5,0,65,0.0241,65,9.31,3.08,zone3,60.07
1765157377.81,CAM_004,Av. Petit Thouars,60,0,5,0,65,0.0241,65,9.31,3.08,zone4,60.07
1765157380.67,CAM_001,Av. Javier Prado,7,0,0,0,7,0.0110,7,18.22,0.33,zone1,60.11
1765157380.67,CAM_002,Av. Arequipa,11,0,0,0,11,0.0039,11,15.21,0.37,zone2,60.11
1765157380.67,CAM_003,Av. Salaverry,11,0,0,0,11,0.0039,11,15.21,0.37,zone3,60.11
1765157380.67,CAM_004,Av. Petit Thouars,11,0,0,0,11,0.0039,11,15.21,0.37,zone4,60.11
1765157384.25,CAM_001,Av. Javier Prado,28,1,37,21,87,0.9507,87,3.51,4.24,zone1,60.01
1765157384.25,CAM_002,Av. Arequipa,42,1,41,22,106,0.2613,106,4.76,5.47,zone2,60.01
1765157384.25,CAM_003,Av. Salaverry,42,1,41,22,106,0.2613,106,4.76,5.47,zone3,60.01
1765157384.25,CAM_004,Av. Petit Thouars,42,1,41,22,106,0.2613,106,4.76,5.47,zone4,60.01
1765157387.33,CAM_001,Av. Javier Prado,14,11,21,21,67,0.1369,67,7.40,2.02,zone1,60.13
1765157387.33,CAM_002,Av. Arequipa,26,13,29,43,111,0.0641,111,4.16,4.61,zone2,60.13
1765157387.33,CAM_003,Av. Salaverry,26,13,29,43,111,0.0641,111,4.16,4.61,zone3,60.13
1765157387.33,CAM_004,Av. Petit Thouars,26,13,29,43,111,0.0641,111,4.16,4.61,zone4,60.13
1765157437.97,CAM_001,Av. Javier Prado,26,1,0,0,27,0.0553,27,9.92,1.18,zone1,60.17
1765157437.97,CAM_002,Av. Arequipa,92,8,1,0,101,0.0858,101,3.24,7.23,zone2,60.17
1765157437.97,CAM_003,Av. Salaverry,92,8,1,0,101,0.0858,101,3.24,7.23,zone3,60.17
1765157437.97,CAM_004,Av. Petit Thouars,92,8,1,0,101,0.0858,101,3.24,7.23,zone4,60.17
1765157440.75,CAM_001,Av. Javier Prado,4,0,0,0,4,0.0037,4,22.26,0.10,zone1,60.09
1765157440.75,CAM_002,Av. Arequipa,4,0,0,0,4,0.0013,4,12.68,0.12,zone2,60.09
1765157440.75,CAM_003,Av. Salaverry,4,0,0,0,4,0.0013,4,12.68,0.12,zone3,60.09
1765157440.75,CAM_004,Av. Petit Thouars,4,0,0,0,4,0.0013,4,12.68,0.12,zone4,60.09
1765157444.27,CAM_001,Av. Javier Prado,16,4,23,15,58,0.9587,58,4.27,4.06,zone1,60.02
1765157444.27,CAM_002,Av. Arequipa,44,3,30,21,98,0.2067,98,4.52,5.25,zone2,60.02
1765157444.27,CAM_003,Av. Salaverry,44,3,30,21,98,0.2067,98,4.52,5.25,zone3,60.02
1765157444.27,CAM_004,Av. Petit Thouars,44,3,30,21,98,0.2067,98,4.52,5.25,zone4,60.02
1765157447.44,CAM_001,Av. Javier Prado,16,8,10,25,59,0.0978,59,3.83,2.84,zone1,60.11
1765157447.44,CAM_002,Av. Arequipa,26,27,25,38,116,0.1101,116,4.28,8.04,zone2,60.11
1765157447.44,CAM_003,Av. Salaverry,26,27,25,38,116,0.1101,116,4.28,8.04,zone3,60.11
1765157447.44,CAM_004,Av. Petit Thouars,26,27,25,38,116,0.1101,116,4.28,8.04,zone4,60.11
1765157497.98,CAM_001,Av. Javier Prado,18,1,1,0,20,0.0497,20,17.01,0.77,zone1,60.00
1765157497.98,CAM_002,Av. Arequipa,82,2,3,0,87,0.0452,87,5.27,4.90,zone2,60.00
1765157497.98,CAM_003,Av. Salaverry,82,2,3,0,87,0.0452,87,5.27,4.90,zone3,60.00
1765157497.98,CAM_004,Av. Petit Thouars,82,2,3,0,87,0.0452,87,5.27,4.90,zone4,60.00
1765157500.79,CAM_001,Av. Javier Prado,13,0,0,0,13,0.0197,13,10.87,0.84,zone1,60.04
1765157500.79,CAM_002,Av. Arequipa,14,0,0,0,14,0.0103,14,8.76,0.89,zone2,60.04
1765157500.79,CAM_003,Av. Salaverry,14,0,0,0,14,0.0103,14,8.76,0.89,zone3,60.04
1765157500.79,CAM_004,Av. Petit Thouars,14,0,0,0,14,0.0103,14,8.76,0.89,zone4,60.04
1765157504.28,CAM_001,Av. Javier Prado,13,4,16,19,52,0.9089,52,4.61,3.13,zone1,60.01
1765157504.28,CAM_002,Av. Arequipa,34,4,22,26,86,0.1478,86,4.91,4.41,zone2,60.01
1765157504.28,CAM_003,Av. Salaverry,34,4,22,26,86,0.1478,86,4.91,4.41,zone3,60.01
1765157504.28,CAM_004,Av. Petit Thouars,34,4,22,26,86,0.1478,86,4.91,4.41,zone4,60.01
1765157507.57,CAM_001,Av. Javier Prado,9,15,17,38,79,0.1442,79,10.43,2.47,zone1,60.13
1765157507.57,CAM_002,Av. Arequipa,23,20,30,56,129,0.0623,129,5.30,5.13,zone2,60.13
1765157507.57,CAM_003,Av. Salaverry,23,20,30,56,129,0.0623,129,5.30,5.13,zone3,60.13
1765157507.57,CAM_004,Av. Petit Thouars,23,20,30,56,129,0.0623,129,5.30,5.13,zone4,60.13
1765157558.01,CAM_001,Av. Javier Prado,0,1,2,0,3,0.0032,3,3.76,0.11,zone1,60.03
1765157558.01,CAM_002,Av. Arequipa,40,4,3,0,47,0.0233,47,0.83,4.70,zone2,60.03
1765157558.01,CAM_003,Av. Salaverry,40,4,3,0,47,0.0233,47,0.83,4.70,zone3,60.03
1765157558.01,CAM_004,Av. Petit Thouars,40,4,3,0,47,0.0233,47,0.83,4.70,zone4,60.03
1765157560.80,CAM_001,Av. Javier Prado,7,0,0,0,7,0.0215,7,4.79,0.48,zone1,60.01
1765157560.80,CAM_002,Av. Arequipa,12,0,0,0,12,0.0063,12,5.21,0.41,zone2,60.01
1765157560.80,CAM_003,Av. Salaverry,12,0,0,0,12,0.0063,12,5.21,0.41,zone3,60.01
1765157560.80,CAM_004,Av. Petit Thouars,12,0,0,0,12,0.0063,12,5.21,0.41,zone4,60.01
1765157564.31,CAM_001,Av. Javier Prado,14,3,22,10,49,0.9803,49,1.78,4.01,zone1,60.04
1765157564.31,CAM_002,Av. Arequipa,39,3,30,17,89,0.4878,89,3.32,5.00,zone2,60.04
1765157564.31,CAM_003,Av. Salaverry,39,3,30,17,89,0.4878,89,3.32,5.00,zone3,60.04
1765157564.31,CAM_004,Av. Petit Thouars,39,3,30,17,89,0.4878,89,3.32,5.00,zone4,60.04
1765157567.70,CAM_001,Av. Javier Prado,16,3,19,15,53,0.0827,53,8.95,2.03,zone1,60.14
1765157567.70,CAM_002,Av. Arequipa,36,12,33,68,149,0.0961,149,6.28,6.73,zone2,60.14
1765157567.70,CAM_003,Av. Salaverry,36,12,33,68,149,0.0961,149,6.28,6.73,zone3,60.14
1765157567.70,CAM_004,Av. Petit Thouars,36,12,33,68,149,0.0961,149,6.28,6.73,zone4,60.14
1765157618.11,CAM_001,Av. Javier Prado,37,1,6,1,45,0.0830,45,13.64,1.81,zone1,60.09
1765157618.11,CAM_002,Av. Arequipa,113,3,11,1,128,0.0695,128,7.09,5.94,zone2,60.09
1765157618.11,CAM_003,Av. Salaverry,113,3,11,1,128,0.0695,128,7.09,5.94,zone3,60.09
1765157618.11,CAM_004,Av. Petit Thouars,113,3,11,1,128,0.0695,128,7.09,5.94,zone4,60.09
1765157620.86,CAM_001,Av. Javier Prado,18,0,0,0,18,0.0432,18,8.61,1.37,zone1,60.07
1765157620.86,CAM_002,Av. Arequipa,26,0,0,0,26,0.0238,26,6.01,1.83,zone2,60.07
1765157620.86,CAM_003,Av. Salaverry,26,0,0,0,26,0.0238,26,6.01,1.83,zone3,60.07
1765157620.86,CAM_004,Av. Petit Thouars,26,0,0,0,26,0.0238,26,6.01,1.83,zone4,60.07
1765157624.35,CAM_001,Av. Javier Prado,15,0,13,19,47,0.9430,47,3.93,3.94,zone1,60.04
1765157624.35,CAM_002,Av. Arequipa,27,0,16,24,67,0.3076,67,5.14,4.32,zone2,60.04
1765157624.35,CAM_003,Av. Salaverry,27,0,16,24,67,0.3076,67,5.14,4.32,zone3,60.04
1765157624.35,CAM_004,Av. Petit Thouars,27,0,16,24,67,0.3076,67,5.14,4.32,zone4,60.04
1765157627.72,CAM_001,Av. Javier Prado,4,7,5,26,42,0.0438,42,1.91,2.29,zone1,60.01
1765157627.72,CAM_002,Av. Arequipa,14,16,13,53,96,0.0441,96,3.11,5.52,zone2,60.01
1765157627.72,CAM_003,Av. Salaverry,14,16,13,53,96,0.0441,96,3.11,5.52,zone3,60.01
1765157627.72,CAM_004,Av. Petit Thouars,14,16,13,53,96,0.0441,96,3.11,5.52,zone4,60.01
1765157678.12,CAM_001,Av. Javier Prado,7,0,1,0,8,0.0060,8,19.18,0.14,zone1,60.02
1765157678.12,CAM_002,Av. Arequipa,60,0,2,0,62,0.0172,62,2.60,3.13,zone2,60.02
1765157678.12,CAM_003,Av. Salaverry,60,0,2,0,62,0.0172,62,2.60,3.13,zone3,60.02
1765157678.12,CAM_004,Av. Petit Thouars,60,0,2,0,62,0.0172,62,2.60,3.13,zone4,60.02
1765157680.90,CAM_001,Av. Javier Prado,18,0,0,0,18,0.0439,18,6.34,1.54,zone1,60.04
1765157680.90,CAM_002,Av. Arequipa,27,0,0,0,27,0.0234,27,5.20,1.88,zone2,60.04
1765157680.90,CAM_003,Av. Salaverry,27,0,0,0,27,0.0234,27,5.20,1.88,zone3,60.04
1765157680.90,CAM_004,Av. Petit Thouars,27,0,0,0,27,0.0234,27,5.20,1.88,zone4,60.04
1765157684.47,CAM_001,Av. Javier Prado,18,4,16,24,62,0.9047,62,3.05,3.40,zone1,60.11
1765157684.47,CAM_002,Av. Arequipa,34,6,21,37,98,0.1348,98,3.98,4.29,zone2,60.11
1765157684.47,CAM_003,Av. Salaverry,34,6,21,37,98,0.1348,98,3.98,4.29,zone3,60.11
1765157684.47,CAM_004,Av. Petit Thouars,34,6,21,37,98,0.1348,98,3.98,4.29,zone4,60.11
1765157687.86,CAM_001,Av. Javier Prado,8,11,18,18,55,0.0802,55,7.57,1.95,zone1,60.14
1765157687.86,CAM_002,Av. Arequipa,16,19,28,29,92,0.0450,92,5.55,3.59,zone2,60.14
1765157687.86,CAM_003,Av. Salaverry,16,19,28,29,92,0.0450,92,5.55,3.59,zone3,60.14
1765157687.86,CAM_004,Av. Petit Thouars,16,19,28,29,92,0.0450,92,5.55,3.59,zone4,60.14
1765157738.25,CAM_001,Av. Javier Prado,23,2,3,0,28,0.0617,28,11.96,1.18,zone1,60.13
1765157738.25,CAM_002,Av. Arequipa,106,4,4,0,114,0.0509,114,5.21,5.12,zone2,60.13
1765157738.25,CAM_003,Av. Salaverry,106,4,4,0,114,0.0509,114,5.21,5.12,zone3,60.13
1765157738.25,CAM_004,Av. Petit Thouars,106,4,4,0,114,0.0509,114,5.21,5.12,zone4,60.13
1765157741.07,CAM_001,Av. Javier Prado,8,0,0,0,8,0.0314,8,4.34,1.27,zone1,60.17
1765157741.07,CAM_002,Av. Arequipa,12,0,0,0,12,0.0235,12,2.04,1.86,zone2,60.17
1765157741.07,CAM_003,Av. Salaverry,12,0,0,0,12,0.0235,12,2.04,1.86,zone3,60.17
1765157741.07,CAM_004,Av. Petit Thouars,12,0,0,0,12,0.0235,12,2.04,1.86,zone4,60.17
1765157744.51,CAM_001,Av. Javier Prado,14,3,15,9,41,0.9078,41,4.70,2.72,zone1,60.04
1765157744.51,CAM_002,Av. Arequipa,27,3,25,26,81,0.1644,81,4.93,4.17,zone2,60.04
1765157744.51,CAM_003,Av. Salaverry,27,3,25,26,81,0.1644,81,4.93,4.17,zone3,60.04
1765157744.51,CAM_004,Av. Petit Thouars,27,3,25,26,81,0.1644,81,4.93,4.17,zone4,60.04
1765157747.92,CAM_001,Av. Javier Prado,8,9,8,23,48,0.0478,48,6.23,1.57,zone1,60.06
1765157747.92,CAM_002,Av. Arequipa,23,36,26,45,130,0.0660,130,3.48,6.30,zone2,60.06
1765157747.92,CAM_003,Av. Salaverry,23,36,26,45,130,0.0660,130,3.48,6.30,zone3,60.06
1765157747.92,CAM_004,Av. Petit Thouars,23,36,26,45,130,0.0660,130,3.48,6.30,zone4,60.06
1765157798.26,CAM_001,Av. Javier Prado,10,2,3,0,15,0.0183,15,17.52,0.49,zone1,60.01
1765157798.26,CAM_002,Av. Arequipa,76,3,3,0,82,0.0218,82,4.88,3.74,zone2,60.01
1765157798.26,CAM_003,Av. Salaverry,76,3,3,0,82,0.0218,82,4.88,3.74,zone3,60.01
1765157798.26,CAM_004,Av. Petit Thouars,76,3,3,0,82,0.0218,82,4.88,3.74,zone4,60.01
1765157801.10,CAM_001,Av. Javier Prado,9,0,0,0,9,0.0398,9,5.85,1.31,zone1,60.03
1765157801.10,CAM_002,Av. Arequipa,10,0,0,0,10,0.0203,10,4.96,1.32,zone2,60.03
1765157801.10,CAM_003,Av. Salaverry,10,0,0,0,10,0.0203,10,4.96,1.32,zone3,60.03
1765157801.10,CAM_004,Av. Petit Thouars,10,0,0,0,10,0.0203,10,4.96,1.32,zone4,60.03
1765157804.52,CAM_001,Av. Javier Prado,20,3,22,10,55,0.9306,55,4.05,3.52,zone1,60.02
1765157804.52,CAM_002,Av. Arequipa,40,4,33,26,103,0.2088,103,4.77,5.43,zone2,60.02
1765157804.52,CAM_003,Av. Salaverry,40,4,33,26,103,0.2088,103,4.77,5.43,zone3,60.02
1765157804.52,CAM_004,Av. Petit Thouars,40,4,33,26,103,0.2088,103,4.77,5.43,zone4,60.02
1765157808.00,CAM_001,Av. Javier Prado,24,13,12,40,89,0.1951,89,7.72,3.67,zone1,60.09
1765157808.00,CAM_002,Av. Arequipa,41,18,20,62,141,0.1001,141,4.51,7.14,zone2,60.09
1765157808.00,CAM_003,Av. Salaverry,41,18,20,62,141,0.1001,141,4.51,7.14,zone3,60.09
1765157808.00,CAM_004,Av. Petit Thouars,41,18,20,62,141,0.1001,141,4.51,7.14,zone4,60.09
1765157858.31,CAM_001,Av. Javier Prado,22,2,5,0,29,0.0519,29,12.01,1.03,zone1,60.05
1765157858.31,CAM_002,Av. Arequipa,84,3,5,0,92,0.0518,92,4.41,5.41,zone2,60.05
1765157858.31,CAM_003,Av. Salaverry,84,3,5,0,92,0.0518,92,4.41,5.41,zone3,60.05
1765157858.31,CAM_004,Av. Petit Thouars,84,3,5,0,92,0.0518,92,4.41,5.41,zone4,60.05
1765157861.17,CAM_001,Av. Javier Prado,4,0,0,0,4,0.0086,4,5.74,0.42,zone1,60.08
1765157861.17,CAM_002,Av. Arequipa,7,0,0,0,7,0.0039,7,4.46,0.41,zone2,60.08
1765157861.17,CAM_003,Av. Salaverry,7,0,0,0,7,0.0039,7,4.46,0.41,zone3,60.08
1765157861.17,CAM_004,Av. Petit Thouars,7,0,0,0,7,0.0039,7,4.46,0.41,zone4,60.08
1765157864.66,CAM_001,Av. Javier Prado,10,2,10,21,43,0.9234,43,3.80,2.90,zone1,60.13
1765157864.66,CAM_002,Av. Arequipa,29,2,20,32,83,0.1937,83,4.86,4.48,zone2,60.13
1765157864.66,CAM_003,Av. Salaverry,29,2,20,32,83,0.1937,83,4.86,4.48,zone3,60.13
1765157864.66,CAM_004,Av. Petit Thouars,29,2,20,32,83,0.1937,83,4.86,4.48,zone4,60.13
1765157868.01,CAM_001,Av. Javier Prado,18,7,18,31,74,0.1509,74,7.65,3.28,zone1,60.00
1765157868.01,CAM_002,Av. Arequipa,37,32,35,41,145,0.1232,145,7.52,6.53,zone2,60.00
1765157868.01,CAM_003,Av. Salaverry,37,32,35,41,145,0.1232,145,7.52,6.53,zone3,60.00
1765157868.01,CAM_004,Av. Petit Thouars,37,32,35,41,145,0.1232,145,7.52,6.53,zone4,60.00
1765157918.45,CAM_001,Av. Javier Prado,30,4,4,0,38,0.0393,38,15.89,0.94,zone1,60.14
1765157918.45,CAM_002,Av. Arequipa,95,3,5,0,103,0.0414,103,5.95,4.90,zone2,60.14
1765157918.45,CAM_003,Av. Salaverry,95,3,5,0,103,0.0414,103,5.95,4.90,zone3,60.14
1765157918.45,CAM_004,Av. Petit Thouars,95,3,5,0,103,0.0414,103,5.95,4.90,zone4,60.14
1765157921.23,CAM_001,Av. Javier Prado,5,0,0,0,5,0.0111,5,7.28,0.46,zone1,60.06
1765157921.23,CAM_002,Av. Arequipa,8,0,0,0,8,0.0064,8,5.50,0.60,zone2,60.06
1765157921.23,CAM_003,Av. Salaverry,8,0,0,0,8,0.0064,8,5.50,0.60,zone3,60.06
1765157921.23,CAM_004,Av. Petit Thouars,8,0,0,0,8,0.0064,8,5.50,0.60,zone4,60.06
1765157924.79,CAM_001,Av. Javier Prado,8,3,17,14,42,0.8955,42,5.31,2.62,zone1,60.13
1765157924.79,CAM_002,Av. Arequipa,27,4,26,18,75,0.1717,75,4.88,3.87,zone2,60.13
1765157924.79,CAM_003,Av. Salaverry,27,4,26,18,75,0.1717,75,4.88,3.87,zone3,60.13
1765157924.79,CAM_004,Av. Petit Thouars,27,4,26,18,75,0.1717,75,4.88,3.87,zone4,60.13
1765157928.06,CAM_001,Av. Javier Prado,13,2,14,25,54,0.0571,54,4.25,2.40,zone1,60.06
1765157928.06,CAM_002,Av. Arequipa,26,9,24,40,99,0.0658,99,3.91,5.29,zone2,60.06
1765157928.06,CAM_003,Av. Salaverry,26,9,24,40,99,0.0658,99,3.91,5.29,zone3,60.06
1765157928.06,CAM_004,Av. Petit Thouars,26,9,24,40,99,0.0658,99,3.91,5.29,zone4,60.06
1765157978.54,CAM_001,Av. Javier Prado,7,0,2,0,9,0.0058,9,6.25,0.28,zone1,60.09
1765157978.54,CAM_002,Av. Arequipa,60,9,1,0,70,0.0300,70,2.47,4.16,zone2,60.09
1765157978.54,CAM_003,Av. Salaverry,60,9,1,0,70,0.0300,70,2.47,4.16,zone3,60.09
1765157978.54,CAM_004,Av. Petit Thouars,60,9,1,0,70,0.0300,70,2.47,4.16,zone4,60.09
1765157981.24,CAM_001,Av. Javier Prado,9,0,0,0,9,0.0151,9,18.38,0.47,zone1,60.01
1765157981.24,CAM_002,Av. Arequipa,11,0,1,0,12,0.0062,12,14.19,0.47,zone2,60.01
1765157981.24,CAM_003,Av. Salaverry,11,0,1,0,12,0.0062,12,14.19,0.47,zone3,60.01
1765157981.24,CAM_004,Av. Petit Thouars,11,0,1,0,12,0.0062,12,14.19,0.47,zone4,60.01
1765157984.80,CAM_001,Av. Javier Prado,22,1,19,29,71,0.9269,71,5.25,4.12,zone1,60.01
1765157984.80,CAM_002,Av. Arequipa,42,3,46,43,134,0.2270,134,6.08,6.42,zone2,60.01
1765157984.80,CAM_003,Av. Salaverry,42,3,46,43,134,0.2270,134,6.08,6.42,zone3,60.01
1765157984.80,CAM_004,Av. Petit Thouars,42,3,46,43,134,0.2270,134,6.08,6.42,zone4,60.01
1765157988.14,CAM_001,Av. Javier Prado,22,10,18,24,74,0.1292,74,11.08,2.54,zone1,60.07
1765157988.14,CAM_002,Av. Arequipa,46,22,28,33,129,0.0686,129,6.13,5.19,zone2,60.07
1765157988.14,CAM_003,Av. Salaverry,46,22,28,33,129,0.0686,129,6.13,5.19,zone3,60.07
1765157988.14,CAM_004,Av. Petit Thouars,46,22,28,33,129,0.0686,129,6.13,5.19,zone4,60.07
1765158038.72,CAM_001,Av. Javier Prado,33,0,5,0,38,0.0956,38,13.91,1.77,zone1,60.18
1765158038.72,CAM_002,Av. Arequipa,109,5,11,0,125,0.0928,125,6.91,5.82,zone2,60.18
1765158038.72,CAM_003,Av. Salaverry,109,5,11,0,125,0.0928,125,6.91,5.82,zone3,60.18
1765158038.72,CAM_004,Av. Petit Thouars,109,5,11,0,125,0.0928,125,6.91,5.82,zone4,60.18
1765158041.27,CAM_001,Av. Javier Prado,13,0,0,0,13,0.0300,13,4.44,1.27,zone1,60.03
1765158041.27,CAM_002,Av. Arequipa,15,0,1,0,16,0.0215,16,4.00,1.53,zone2,60.03
1765158041.27,CAM_003,Av. Salaverry,15,0,1,0,16,0.0215,16,4.00,1.53,zone3,60.03
1765158041.27,CAM_004,Av. Petit Thouars,15,0,1,0,16,0.0215,16,4.00,1.53,zone4,60.03
1765158044.80,CAM_001,Av. Javier Prado,9,2,16,14,41,0.8650,41,4.11,3.07,zone1,60.00
1765158044.80,CAM_002,Av. Arequipa,25,5,33,17,80,0.1608,80,3.78,5.53,zone2,60.00
1765158044.80,CAM_003,Av. Salaverry,25,5,33,17,80,0.1608,80,3.78,5.53,zone3,60.00
1765158044.80,CAM_004,Av. Petit Thouars,25,5,33,17,80,0.1608,80,3.78,5.53,zone4,60.00
1765158048.23,CAM_001,Av. Javier Prado,15,5,10,13,43,0.0644,43,3.71,2.31,zone1,60.09
1765158048.23,CAM_002,Av. Arequipa,50,8,26,17,101,0.0665,101,3.49,6.53,zone2,60.09
1765158048.23,CAM_003,Av. Salaverry,50,8,26,17,101,0.0665,101,3.49,6.53,zone3,60.09
1765158048.23,CAM_004,Av. Petit Thouars,50,8,26,17,101,0.0665,101,3.49,6.53,zone4,60.09
1765158098.73,CAM_001,Av. Javier Prado,11,0,0,0,11,0.0108,11,20.90,0.30,zone1,60.01
1765158098.73,CAM_002,Av. Arequipa,73,3,1,0,77,0.0252,77,4.90,3.70,zone2,60.01
1765158098.73,CAM_003,Av. Salaverry,73,3,1,0,77,0.0252,77,4.90,3.70,zone3,60.01
1765158098.73,CAM_004,Av. Petit Thouars,73,3,1,0,77,0.0252,77,4.90,3.70,zone4,60.01
1765158101.33,CAM_001,Av. Javier Prado,12,0,0,0,12,0.0233,12,13.63,0.66,zone1,60.06
1765158101.33,CAM_002,Av. Arequipa,12,0,0,0,12,0.0064,12,11.99,0.64,zone2,60.06
1765158101.33,CAM_003,Av. Salaverry,12,0,0,0,12,0.0064,12,11.99,0.64,zone3,60.06
1765158101.33,CAM_004,Av. Petit Thouars,12,0,0,0,12,0.0064,12,11.99,0.64,zone4,60.06
1765158104.89,CAM_001,Av. Javier Prado,12,0,15,32,59,0.9050,59,4.22,3.27,zone1,60.09
1765158104.89,CAM_002,Av. Arequipa,40,0,39,40,119,0.1892,119,4.62,5.95,zone2,60.09
1765158104.89,CAM_003,Av. Salaverry,40,0,39,40,119,0.1892,119,4.62,5.95,zone3,60.09
1765158104.89,CAM_004,Av. Petit Thouars,40,0,39,40,119,0.1892,119,4.62,5.95,zone4,60.09
1765158108.34,CAM_001,Av. Javier Prado,4,6,8,25,43,0.0369,43,4.87,1.63,zone1,60.11
1765158108.34,CAM_002,Av. Arequipa,18,14,25,57,114,0.0314,114,3.29,4.46,zone2,60.11
1765158108.34,CAM_003,Av. Salaverry,18,14,25,57,114,0.0314,114,3.29,4.46,zone3,60.11
1765158108.34,CAM_004,Av. Petit Thouars,18,14,25,57,114,0.0314,114,3.29,4.46,zone4,60.11
1765158158.78,CAM_001,Av. Javier Prado,48,1,5,0,54,0.0775,54,12.39,1.77,zone1,60.05
1765158158.78,CAM_002,Av. Arequipa,141,2,6,0,149,0.0687,149,6.11,5.98,zone2,60.05
1765158158.78,CAM_003,Av. Salaverry,141,2,6,0,149,0.0687,149,6.11,5.98,zone3,60.05
1765158158.78,CAM_004,Av. Petit Thouars,141,2,6,0,149,0.0687,149,6.11,5.98,zone4,60.05
1765158161.36,CAM_001,Av. Javier Prado,8,0,0,0,8,0.0167,8,11.94,0.52,zone1,60.04
1765158161.36,CAM_002,Av. Arequipa,15,0,0,0,15,0.0078,15,9.01,0.59,zone2,60.04
1765158161.36,CAM_003,Av. Salaverry,15,0,0,0,15,0.0078,15,9.01,0.59,zone3,60.04
1765158161.36,CAM_004,Av. Petit Thouars,15,0,0,0,15,0.0078,15,9.01,0.59,zone4,60.04
1765158164.93,CAM_001,Av. Javier Prado,18,8,18,11,55,0.9803,55,3.56,4.28,zone1,60.04
1765158164.93,CAM_002,Av. Arequipa,39,9,33,21,102,0.2756,102,4.09,5.36,zone2,60.04
1765158164.93,CAM_003,Av. Salaverry,39,9,33,21,102,0.2756,102,4.09,5.36,zone3,60.04
1765158164.93,CAM_004,Av. Petit Thouars,39,9,33,21,102,0.2756,102,4.09,5.36,zone4,60.04
1765158168.34,CAM_001,Av. Javier Prado,5,12,16,14,47,0.0944,47,10.63,1.98,zone1,60.00
1765158168.34,CAM_002,Av. Arequipa,25,26,25,34,110,0.0632,110,5.50,5.17,zone2,60.00
1765158168.34,CAM_003,Av. Salaverry,25,26,25,34,110,0.0632,110,5.50,5.17,zone3,60.00
1765158168.34,CAM_004,Av. Petit Thouars,25,26,25,34,110,0.0632,110,5.50,5.17,zone4,60.00
1765158218.86,CAM_001,Av. Javier Prado,27,0,1,0,28,0.0354,28,18.74,0.80,zone1,60.08
1765158218.86,CAM_002,Av. Arequipa,120,1,3,0,124,0.0350,124,5.99,4.34,zone2,60.08
1765158218.86,CAM_003,Av. Salaverry,120,1,3,0,124,0.0350,124,5.99,4.34,zone3,60.08
1765158218.86,CAM_004,Av. Petit Thouars,120,1,3,0,124,0.0350,124,5.99,4.34,zone4,60.08
1765158221.42,CAM_001,Av. Javier Prado,8,0,0,0,8,0.0106,8,24.03,0.30,zone1,60.06
1765158221.42,CAM_002,Av. Arequipa,14,0,0,0,14,0.0124,14,12.72,0.73,zone2,60.06
1765158221.42,CAM_003,Av. Salaverry,14,0,0,0,14,0.0124,14,12.72,0.73,zone3,60.06
1765158221.42,CAM_004,Av. Petit Thouars,14,0,0,0,14,0.0124,14,12.72,0.73,zone4,60.06
1765158225.03,CAM_001,Av. Javier Prado,5,14,7,2,28,0.9994,28,0.59,5.16,zone1,60.10
1765158225.03,CAM_002,Av. Arequipa,13,14,8,3,38,0.2549,38,0.76,5.38,zone2,60.10
1765158225.03,CAM_003,Av. Salaverry,13,14,8,3,38,0.2549,38,0.76,5.38,zone3,60.10
1765158225.03,CAM_004,Av. Petit Thouars,13,14,8,3,38,0.2549,38,0.76,5.38,zone4,60.10
1765158228.40,CAM_001,Av. Javier Prado,7,1,6,54,68,0.0511,68,6.96,1.85,zone1,60.06
1765158228.40,CAM_002,Av. Arequipa,44,5,17,95,161,0.0641,161,4.00,6.30,zone2,60.06
1765158228.40,CAM_003,Av. Salaverry,44,5,17,95,161,0.0641,161,4.00,6.30,zone3,60.06
1765158228.40,CAM_004,Av. Petit Thouars,44,5,17,95,161,0.0641,161,4.00,6.30,zone4,60.06
1765158278.93,CAM_001,Av. Javier Prado,30,0,1,0,31,0.0469,31,14.62,1.15,zone1,60.07
1765158278.93,CAM_002,Av. Arequipa,84,7,0,0,91,0.0556,91,6.26,4.83,zone2,60.07
1765158278.93,CAM_003,Av. Salaverry,84,7,0,0,91,0.0556,91,6.26,4.83,zone3,60.07
1765158278.93,CAM_004,Av. Petit Thouars,84,7,0,0,91,0.0556,91,6.26,4.83,zone4,60.07
1765158281.45,CAM_001,Av. Javier Prado,10,0,0,0,10,0.0309,10,5.47,0.60,zone1,60.03
1765158281.45,CAM_002,Av. Arequipa,8,0,3,0,11,0.0103,11,5.00,0.49,zone2,60.03
1765158281.45,CAM_003,Av. Salaverry,8,0,3,0,11,0.0103,11,5.00,0.49,zone3,60.03
1765158281.45,CAM_004,Av. Petit Thouars,8,0,3,0,11,0.0103,11,5.00,0.49,zone4,60.03
1765158285.15,CAM_001,Av. Javier Prado,18,9,18,4,49,0.9443,49,2.84,3.46,zone1,60.12
1765158285.15,CAM_002,Av. Arequipa,39,14,30,11,94,0.1849,94,4.59,3.64,zone2,60.12
1765158285.15,CAM_003,Av. Salaverry,39,14,30,11,94,0.1849,94,4.59,3.64,zone3,60.12
1765158285.15,CAM_004,Av. Petit Thouars,39,14,30,11,94,0.1849,94,4.59,3.64,zone4,60.12
1765158288.40,CAM_001,Av. Javier Prado,16,5,4,14,39,0.0500,39,10.11,1.70,zone1,60.00
1765158288.40,CAM_002,Av. Arequipa,40,10,13,28,91,0.0310,91,5.07,3.36,zone2,60.00
1765158288.40,CAM_003,Av. Salaverry,40,10,13,28,91,0.0310,91,5.07,3.36,zone3,60.00
1765158288.40,CAM_004,Av. Petit Thouars,40,10,13,28,91,0.0310,91,5.07,3.36,zone4,60.00
1765158339.01,CAM_001,Av. Javier Prado,38,3,2,0,43,0.0460,43,13.68,1.40,zone1,60.08
1765158339.01,CAM_002,Av. Arequipa,121,5,4,0,130,0.0512,130,5.86,5.79,zone2,60.08
1765158339.01,CAM_003,Av. Salaverry,121,5,4,0,130,0.0512,130,5.86,5.79,zone3,60.08
1765158339.01,CAM_004,Av. Petit Thouars,121,5,4,0,130,0.0512,130,5.86,5.79,zone4,60.08
1765158341.56,CAM_001,Av. Javier Prado,11,0,0,0,11,0.0303,11,5.31,0.72,zone1,60.11
1765158341.56,CAM_002,Av. Arequipa,14,0,0,0,14,0.0061,14,7.90,0.55,zone2,60.11
1765158341.56,CAM_003,Av. Salaverry,14,0,0,0,14,0.0061,14,7.90,0.55,zone3,60.11
1765158341.56,CAM_004,Av. Petit Thouars,14,0,0,0,14,0.0061,14,7.90,0.55,zone4,60.11
1765158345.28,CAM_001,Av. Javier Prado,17,3,15,14,49,0.9030,49,5.40,2.83,zone1,60.13
1765158345.28,CAM_002,Av. Arequipa,28,5,21,24,78,0.1913,78,6.97,3.77,zone2,60.13
1765158345.28,CAM_003,Av. Salaverry,28,5,21,24,78,0.1913,78,6.97,3.77,zone3,60.13
1765158345.28,CAM_004,Av. Petit Thouars,28,5,21,24,78,0.1913,78,6.97,3.77,zone4,60.13
1765158348.49,CAM_001,Av. Javier Prado,5,5,8,15,33,0.0487,33,2.50,2.10,zone1,60.09
1765158348.49,CAM_002,Av. Arequipa,14,16,22,31,83,0.0695,83,4.87,4.87,zone2,60.09
1765158348.49,CAM_003,Av. Salaverry,14,16,22,31,83,0.0695,83,4.87,4.87,zone3,60.09
1765158348.49,CAM_004,Av. Petit Thouars,14,16,22,31,83,0.0695,83,4.87,4.87,zone4,60.09
1765158399.02,CAM_001,Av. Javier Prado,7,1,1,0,9,0.0183,9,3.99,0.45,zone1,60.01
1765158399.02,CAM_002,Av. Arequipa,56,10,1,0,67,0.0390,67,1.66,4.83,zone2,60.01
1765158399.02,CAM_003,Av. Salaverry,56,10,1,0,67,0.0390,67,1.66,4.83,zone3,60.01
1765158399.02,CAM_004,Av. Petit Thouars,56,10,1,0,67,0.0390,67,1.66,4.83,zone4,60.01
1765158401.63,CAM_001,Av. Javier Prado,9,0,0,0,9,0.0225,9,5.59,0.77,zone1,60.07
1765158401.63,CAM_002,Av. Arequipa,15,0,0,0,15,0.0079,15,6.11,0.81,zone2,60.07
1765158401.63,CAM_003,Av. Salaverry,15,0,0,0,15,0.0079,15,6.11,0.81,zone3,60.07
1765158401.63,CAM_004,Av. Petit Thouars,15,0,0,0,15,0.0079,15,6.11,0.81,zone4,60.07
1765158405.35,CAM_001,Av. Javier Prado,20,5,11,16,52,0.9397,52,5.33,3.84,zone1,60.07
1765158405.35,CAM_002,Av. Arequipa,44,6,24,26,100,0.2386,100,6.47,5.16,zone2,60.07
1765158405.35,CAM_003,Av. Salaverry,44,6,24,26,100,0.2386,100,6.47,5.16,zone3,60.07
1765158405.35,CAM_004,Av. Petit Thouars,44,6,24,26,100,0.2386,100,6.47,5.16,zone4,60.07
1765158408.49,CAM_001,Av. Javier Prado,3,4,9,31,47,0.0557,47,7.12,1.52,zone1,60.00
1765158408.49,CAM_002,Av. Arequipa,22,7,11,48,88,0.0396,88,4.28,3.73,zone2,60.00
1765158408.49,CAM_003,Av. Salaverry,22,7,11,48,88,0.0396,88,4.28,3.73,zone3,60.00
1765158408.49,CAM_004,Av. Petit Thouars,22,7,11,48,88,0.0396,88,4.28,3.73,zone4,60.00
1765158459.08,CAM_001,Av. Javier Prado,38,4,3,0,45,0.0483,45,9.00,1.49,zone1,60.05
1765158459.08,CAM_002,Av. Arequipa,113,5,3,0,121,0.0465,121,4.23,5.94,zone2,60.05
1765158459.08,CAM_003,Av. Salaverry,113,5,3,0,121,0.0465,121,4.23,5.94,zone3,60.05
1765158459.08,CAM_004,Av. Petit Thouars,113,5,3,0,121,0.0465,121,4.23,5.94,zone4,60.05
1765158461.65,CAM_001,Av. Javier Prado,12,0,0,0,12,0.0295,12,2.98,1.20,zone1,60.02
1765158461.65,CAM_002,Av. Arequipa,16,0,1,0,17,0.0230,17,2.36,1.51,zone2,60.02
1765158461.65,CAM_003,Av. Salaverry,16,0,1,0,17,0.0230,17,2.36,1.51,zone3,60.02
1765158461.65,CAM_004,Av. Petit Thouars,16,0,1,0,17,0.0230,17,2.36,1.51,zone4,60.02
1765158465.47,CAM_001,Av. Javier Prado,10,0,13,10,33,0.8776,33,3.32,2.72,zone1,60.12
1765158465.47,CAM_002,Av. Arequipa,33,0,31,22,86,0.1428,86,2.52,5.82,zone2,60.12
1765158465.47,CAM_003,Av. Salaverry,33,0,31,22,86,0.1428,86,2.52,5.82,zone3,60.12
1765158465.47,CAM_004,Av. Petit Thouars,33,0,31,22,86,0.1428,86,2.52,5.82,zone4,60.12
1765158468.57,CAM_001,Av. Javier Prado,11,11,22,0,44,0.1647,44,10.94,2.29,zone1,60.07
1765158468.57,CAM_002,Av. Arequipa,40,16,33,1,90,0.1196,90,5.39,7.23,zone2,60.07
1765158468.57,CAM_003,Av. Salaverry,40,16,33,1,90,0.1196,90,5.39,7.23,zone3,60.07
1765158468.57,CAM_004,Av. Petit Thouars,40,16,33,1,90,0.1196,90,5.39,7.23,zone4,60.07
1765158519.10,CAM_001,Av. Javier Prado,3,2,0,0,5,0.0025,5,12.49,0.11,zone1,60.02
1765158519.10,CAM_002,Av. Arequipa,60,3,0,0,63,0.0174,63,1.51,3.90,zone2,60.02
1765158519.10,CAM_003,Av. Salaverry,60,3,0,0,63,0.0174,63,1.51,3.90,zone3,60.02
1765158519.10,CAM_004,Av. Petit Thouars,60,3,0,0,63,0.0174,63,1.51,3.90,zone4,60.02
1765158521.72,CAM_001,Av. Javier Prado,9,0,0,0,9,0.0113,9,4.67,0.45,zone1,60.06
1765158521.72,CAM_002,Av. Arequipa,13,0,0,0,13,0.0077,13,5.39,0.64,zone2,60.06
1765158521.72,CAM_003,Av. Salaverry,13,0,0,0,13,0.0077,13,5.39,0.64,zone3,60.06
1765158521.72,CAM_004,Av. Petit Thouars,13,0,0,0,13,0.0077,13,5.39,0.64,zone4,60.06
1765158525.55,CAM_001,Av. Javier Prado,25,0,18,22,65,0.9662,65,3.11,4.41,zone1,60.07
1765158525.55,CAM_002,Av. Arequipa,61,0,43,42,146,0.2718,146,3.87,6.69,zone2,60.07
1765158525.55,CAM_003,Av. Salaverry,61,0,43,42,146,0.2718,146,3.87,6.69,zone3,60.07
1765158525.55,CAM_004,Av. Petit Thouars,61,0,43,42,146,0.2718,146,3.87,6.69,zone4,60.07
1765158528.67,CAM_001,Av. Javier Prado,19,10,11,19,59,0.1429,59,5.15,2.49,zone1,60.11
1765158528.67,CAM_002,Av. Arequipa,45,24,39,39,147,0.1181,147,5.24,6.09,zone2,60.11
1765158528.67,CAM_003,Av. Salaverry,45,24,39,39,147,0.1181,147,5.24,6.09,zone3,60.11
1765158528.67,CAM_004,Av. Petit Thouars,45,24,39,39,147,0.1181,147,5.24,6.09,zone4,60.11
1765158579.16,CAM_001,Av. Javier Prado,41,2,3,0,46,0.1193,46,8.31,2.92,zone1,60.06
1765158579.16,CAM_002,Av. Arequipa,116,5,5,0,126,0.1033,126,4.66,8.58,zone2,60.06
1765158579.16,CAM_003,Av. Salaverry,116,5,5,0,126,0.1033,126,4.66,8.58,zone3,60.06
1765158579.16,CAM_004,Av. Petit Thouars,116,5,5,0,126,0.1033,126,4.66,8.58,zone4,60.06
1765158581.73,CAM_001,Av. Javier Prado,4,0,0,0,4,0.0261,4,6.86,1.10,zone1,60.01
1765158581.73,CAM_002,Av. Arequipa,6,0,0,0,6,0.0143,6,4.86,1.13,zone2,60.01
1765158581.73,CAM_003,Av. Salaverry,6,0,0,0,6,0.0143,6,4.86,1.13,zone3,60.01
1765158581.73,CAM_004,Av. Petit Thouars,6,0,0,0,6,0.0143,6,4.86,1.13,zone4,60.01
1765158585.63,CAM_001,Av. Javier Prado,10,3,25,13,51,0.9764,51,3.33,4.00,zone1,60.09
1765158585.63,CAM_002,Av. Arequipa,27,3,46,20,96,0.2689,96,3.44,5.64,zone2,60.09
1765158585.63,CAM_003,Av. Salaverry,27,3,46,20,96,0.2689,96,3.44,5.64,zone3,60.09
1765158585.63,CAM_004,Av. Petit Thouars,27,3,46,20,96,0.2689,96,3.44,5.64,zone4,60.09
1765158588.72,CAM_001,Av. Javier Prado,15,12,16,30,73,0.1330,73,8.94,2.85,zone1,60.05
1765158588.72,CAM_002,Av. Arequipa,24,27,23,49,123,0.0693,123,5.29,5.81,zone2,60.05
1765158588.72,CAM_003,Av. Salaverry,24,27,23,49,123,0.0693,123,5.29,5.81,zone3,60.05
1765158588.72,CAM_004,Av. Petit Thouars,24,27,23,49,123,0.0693,123,5.29,5.81,zone4,60.05
1765158639.22,CAM_001,Av. Javier Prado,20,1,4,0,25,0.0432,25,9.99,0.92,zone1,60.06
1765158639.22,CAM_002,Av. Arequipa,96,4,9,0,109,0.0381,109,3.27,4.51,zone2,60.06
1765158639.22,CAM_003,Av. Salaverry,96,4,9,0,109,0.0381,109,3.27,4.51,zone3,60.06
1765158639.22,CAM_004,Av. Petit Thouars,96,4,9,0,109,0.0381,109,3.27,4.51,zone4,60.06
1765158641.80,CAM_001,Av. Javier Prado,16,0,0,0,16,0.0315,16,9.00,1.28,zone1,60.06
1765158641.80,CAM_002,Av. Arequipa,26,0,0,0,26,0.0193,26,6.43,1.69,zone2,60.06
1765158641.80,CAM_003,Av. Salaverry,26,0,0,0,26,0.0193,26,6.43,1.69,zone3,60.06
1765158641.80,CAM_004,Av. Petit Thouars,26,0,0,0,26,0.0193,26,6.43,1.69,zone4,60.06
1765158645.73,CAM_001,Av. Javier Prado,13,1,11,19,44,0.8521,44,3.10,4.41,zone1,60.10
1765158645.73,CAM_002,Av. Arequipa,36,1,26,31,94,0.2635,94,3.08,6.81,zone2,60.10
1765158645.73,CAM_003,Av. Salaverry,36,1,26,31,94,0.2635,94,3.08,6.81,zone3,60.10
1765158645.73,CAM_004,Av. Petit Thouars,36,1,26,31,94,0.2635,94,3.08,6.81,zone4,60.10
1765158648.77,CAM_001,Av. Javier Prado,3,7,9,24,43,0.0782,43,11.92,1.25,zone1,60.05
1765158648.77,CAM_002,Av. Arequipa,14,21,23,49,107,0.0817,107,7.14,4.62,zone2,60.05
1765158648.77,CAM_003,Av. Salaverry,14,21,23,49,107,0.0817,107,7.14,4.62,zone3,60.05
1765158648.77,CAM_004,Av. Petit Thouars,14,21,23,49,107,0.0817,107,7.14,4.62,zone4,60.05
1765158699.36,CAM_001,Av. Javier Prado,27,1,1,0,29,0.0515,29,10.15,1.34,zone1,60.14
1765158699.36,CAM_002,Av. Arequipa,103,4,2,0,109,0.0494,109,4.63,5.52,zone2,60.14
1765158699.36,CAM_003,Av. Salaverry,103,4,2,0,109,0.0494,109,4.63,5.52,zone3,60.14
1765158699.36,CAM_004,Av. Petit Thouars,103,4,2,0,109,0.0494,109,4.63,5.52,zone4,60.14
1765158701.95,CAM_001,Av. Javier Prado,9,0,0,0,9,0.0351,9,6.19,0.86,zone1,60.16
1765158701.95,CAM_002,Av. Arequipa,12,0,0,0,12,0.0073,12,7.11,0.58,zone2,60.16
1765158701.95,CAM_003,Av. Salaverry,12,0,0,0,12,0.0073,12,7.11,0.58,zone3,60.16
1765158701.95,CAM_004,Av. Petit Thouars,12,0,0,0,12,0.0073,12,7.11,0.58,zone4,60.16
1765158705.83,CAM_001,Av. Javier Prado,8,0,20,13,41,0.2816,41,3.31,2.97,zone1,60.10
1765158705.83,CAM_002,Av. Arequipa,36,1,42,20,99,0.2087,99,2.87,6.03,zone2,60.10
1765158705.83,CAM_003,Av. Salaverry,36,1,42,20,99,0.2087,99,2.87,6.03,zone3,60.10
1765158705.83,CAM_004,Av. Petit Thouars,36,1,42,20,99,0.2087,99,2.87,6.03,zone4,60.10
1765158708.89,CAM_001,Av. Javier Prado,14,5,2,23,44,0.0463,44,3.99,1.45,zone1,60.13
1765158708.89,CAM_002,Av. Arequipa,38,12,16,36,102,0.0424,102,2.69,4.39,zone2,60.13
1765158708.89,CAM_003,Av. Salaverry,38,12,16,36,102,0.0424,102,2.69,4.39,zone3,60.13
1765158708.89,CAM_004,Av. Petit Thouars,38,12,16,36,102,0.0424,102,2.69,4.39,zone4,60.13
1765158759.42,CAM_001,Av. Javier Prado,33,3,4,0,40,0.0575,40,13.27,1.55,zone1,60.06
1765158759.42,CAM_002,Av. Arequipa,112,6,11,0,129,0.0564,129,7.13,5.12,zone2,60.06
