timestamp,camera_id,street_monitored,car_count,bus_count,truck_count,motorcycle_count,total_vehicles,occupancy_rate,flow_rate_per_min,avg_speed,avg_density,zone_id,duration_seconds
1765033721.94,CAM_001,Av. Javier Prado,27,0,0,0,27,0.0440,27,4.75,1.92,zone1,60.11
1765033721.94,CAM_002,Av. Arequipa,57,3,0,1,61,0.0421,61,2.83,4.94,zone2,60.11
1765033721.94,CAM_003,Av. Salaverry,57,3,0,1,61,0.0421,61,2.83,4.94,zone3,60.11
1765033721.94,CAM_004,Av. Petit Thouars,57,3,0,1,61,0.0421,61,2.83,4.94,zone4,60.11
1765033724.20,CAM_001,Av. Javier Prado,7,0,0,0,7,0.0319,7,1.71,1.32,zone1,60.04
1765033724.20,CAM_002,Av. Arequipa,27,0,0,0,27,0.0194,27,1.35,4.57,zone2,60.04
1765033724.20,CAM_003,Av. Salaverry,27,0,0,0,27,0.0194,27,1.35,4.57,zone3,60.04
1765033724.20,CAM_004,Av. Petit Thouars,27,0,0,0,27,0.0194,27,1.35,4.57,zone4,60.04
1765033726.86,CAM_001,Av. Javier Prado,5,2,1,4,12,0.3902,12,9.90,1.19,zone1,60.04
1765033726.86,CAM_002,Av. Arequipa,3,2,7,4,16,0.1164,16,7.13,1.39,zone2,60.04
1765033726.86,CAM_003,Av. Salaverry,3,2,7,4,16,0.1164,16,7.13,1.39,zone3,60.04
1765033726.86,CAM_004,Av. Petit Thouars,3,2,7,4,16,0.1164,16,7.13,1.39,zone4,60.04
1765033729.81,CAM_001,Av. Javier Prado,32,0,4,10,46,0.0811,46,6.99,1.04,zone1,60.01
1765033729.81,CAM_002,Av. Arequipa,58,0,6,13,77,0.0522,77,3.61,2.28,zone2,60.01
1765033729.81,CAM_003,Av. Salaverry,58,0,6,13,77,0.0522,77,3.61,2.28,zone3,60.01
1765033729.81,CAM_004,Av. Petit Thouars,58,0,6,13,77,0.0522,77,3.61,2.28,zone4,60.01
1765033781.97,CAM_001,Av. Javier Prado,37,0,0,0,37,0.1232,37,3.22,4.25,zone1,60.03
1765033781.97,CAM_002,Av. Arequipa,94,0,0,0,94,0.0955,94,3.07,8.43,zone2,60.03
1765033781.97,CAM_003,Av. Salaverry,94,0,0,0,94,0.0955,94,3.07,8.43,zone3,60.03
1765033781.97,CAM_004,Av. Petit Thouars,94,0,0,0,94,0.0955,94,3.07,8.43,zone4,60.03
1765033784.23,CAM_001,Av. Javier Prado,23,0,4,0,27,0.0421,27,10.85,1.29,zone1,60.03
1765033784.23,CAM_002,Av. Arequipa,54,0,0,0,54,0.0333,54,2.76,6.40,zone2,60.03
1765033784.23,CAM_003,Av. Salaverry,54,0,0,0,54,0.0333,54,2.76,6.40,zone3,60.03
1765033784.23,CAM_004,Av. Petit Thouars,54,0,0,0,54,0.0333,54,2.76,6.40,zone4,60.03
1765033786.88,CAM_001,Av. Javier Prado,3,0,1,9,13,0.4147,13,4.52,1.21,zone1,60.01
1765033786.88,CAM_002,Av. Arequipa,6,0,9,9,24,0.0990,24,5.72,1.35,zone2,60.01
1765033786.88,CAM_003,Av. Salaverry,6,0,9,9,24,0.0990,24,5.72,1.35,zone3,60.01
1765033786.88,CAM_004,Av. Petit Thouars,6,0,9,9,24,0.0990,24,5.72,1.35,zone4,60.01
1765033789.86,CAM_001,Av. Javier Prado,20,0,9,0,29,0.0944,29,14.99,0.87,zone1,60.05
1765033789.86,CAM_002,Av. Arequipa,43,1,11,3,58,0.0391,58,8.10,1.83,zone2,60.05
1765033789.86,CAM_003,Av. Salaverry,43,1,11,3,58,0.0391,58,8.10,1.83,zone3,60.05
1765033789.86,CAM_004,Av. Petit Thouars,43,1,11,3,58,0.0391,58,8.10,1.83,zone4,60.05
1765033842.03,CAM_001,Av. Javier Prado,43,0,1,2,46,0.1040,46,6.84,3.03,zone1,60.06
1765033842.03,CAM_002,Av. Arequipa,99,5,1,4,109,0.0761,109,4.78,6.11,zone2,60.06
1765033842.03,CAM_003,Av. Salaverry,99,5,1,4,109,0.0761,109,4.78,6.11,zone3,60.06
1765033842.03,CAM_004,Av. Petit Thouars,99,5,1,4,109,0.0761,109,4.78,6.11,zone4,60.06
1765033844.33,CAM_001,Av. Javier Prado,17,0,1,0,18,0.0233,18,15.27,0.83,zone1,60.10
1765033844.33,CAM_002,Av. Arequipa,39,0,0,0,39,0.0181,39,4.30,4.02,zone2,60.10
1765033844.33,CAM_003,Av. Salaverry,39,0,0,0,39,0.0181,39,4.30,4.02,zone3,60.10
1765033844.33,CAM_004,Av. Petit Thouars,39,0,0,0,39,0.0181,39,4.30,4.02,zone4,60.10
1765033846.99,CAM_001,Av. Javier Prado,1,0,1,0,2,0.4150,2,0.42,1.01,zone1,60.11
1765033846.99,CAM_002,Av. Arequipa,1,0,5,1,7,0.0715,7,0.33,1.06,zone2,60.11
1765033846.99,CAM_003,Av. Salaverry,1,0,5,1,7,0.0715,7,0.33,1.06,zone3,60.11
1765033846.99,CAM_004,Av. Petit Thouars,1,0,5,1,7,0.0715,7,0.33,1.06,zone4,60.11
1765033849.86,CAM_001,Av. Javier Prado,16,0,2,8,26,0.0250,26,4.97,0.46,zone1,60.01
1765033849.86,CAM_002,Av. Arequipa,39,5,7,8,59,0.0282,59,10.13,1.30,zone2,60.01
1765033849.86,CAM_003,Av. Salaverry,39,5,7,8,59,0.0282,59,10.13,1.30,zone3,60.01
1765033849.86,CAM_004,Av. Petit Thouars,39,5,7,8,59,0.0282,59,10.13,1.30,zone4,60.01
1765033902.03,CAM_001,Av. Javier Prado,40,0,0,0,40,0.1210,40,3.65,4.24,zone1,60.00
1765033902.03,CAM_002,Av. Arequipa,109,0,0,0,109,0.0953,109,3.33,9.33,zone2,60.00
1765033902.03,CAM_003,Av. Salaverry,109,0,0,0,109,0.0953,109,3.33,9.33,zone3,60.00
1765033902.03,CAM_004,Av. Petit Thouars,109,0,0,0,109,0.0953,109,3.33,9.33,zone4,60.00
1765033904.40,CAM_001,Av. Javier Prado,18,0,5,0,23,0.0521,23,8.75,2.00,zone1,60.07
1765033904.40,CAM_002,Av. Arequipa,42,0,4,0,46,0.0390,46,3.30,5.83,zone2,60.07
1765033904.40,CAM_003,Av. Salaverry,42,0,4,0,46,0.0390,46,3.30,5.83,zone3,60.07
1765033904.40,CAM_004,Av. Petit Thouars,42,0,4,0,46,0.0390,46,3.30,5.83,zone4,60.07
1765033907.05,CAM_001,Av. Javier Prado,1,0,0,4,5,0.3931,5,4.42,1.10,zone1,60.06
1765033907.05,CAM_002,Av. Arequipa,7,0,6,9,22,0.0821,22,4.67,1.00,zone2,60.06
1765033907.05,CAM_003,Av. Salaverry,7,0,6,9,22,0.0821,22,4.67,1.00,zone3,60.06
1765033907.05,CAM_004,Av. Petit Thouars,7,0,6,9,22,0.0821,22,4.67,1.00,zone4,60.06
1765033909.90,CAM_001,Av. Javier Prado,39,2,5,4,50,0.0941,50,16.21,0.85,zone1,60.04
1765033909.90,CAM_002,Av. Arequipa,54,4,12,9,79,0.0415,79,8.84,1.75,zone2,60.04
1765033909.90,CAM_003,Av. Salaverry,54,4,12,9,79,0.0415,79,8.84,1.75,zone3,60.04
1765033909.90,CAM_004,Av. Petit Thouars,54,4,12,9,79,0.0415,79,8.84,1.75,zone4,60.04
1765033962.14,CAM_001,Av. Javier Prado,40,1,1,2,44,0.0782,44,6.90,2.43,zone1,60.11
1765033962.14,CAM_002,Av. Arequipa,88,2,4,2,96,0.0639,96,4.90,5.82,zone2,60.11
1765033962.14,CAM_003,Av. Salaverry,88,2,4,2,96,0.0639,96,4.90,5.82,zone3,60.11
1765033962.14,CAM_004,Av. Petit Thouars,88,2,4,2,96,0.0639,96,4.90,5.82,zone4,60.11
1765033964.46,CAM_001,Av. Javier Prado,23,1,3,0,27,0.0683,27,4.24,2.68,zone1,60.06
1765033964.46,CAM_002,Av. Arequipa,35,0,6,0,41,0.0522,41,1.84,6.06,zone2,60.06
1765033964.46,CAM_003,Av. Salaverry,35,0,6,0,41,0.0522,41,1.84,6.06,zone3,60.06
1765033964.46,CAM_004,Av. Petit Thouars,35,0,6,0,41,0.0522,41,1.84,6.06,zone4,60.06
1765033967.10,CAM_001,Av. Javier Prado,6,0,0,2,8,0.3916,8,10.20,1.10,zone1,60.05
1765033967.10,CAM_002,Av. Arequipa,9,0,5,5,19,0.0833,19,6.84,1.13,zone2,60.05
1765033967.10,CAM_003,Av. Salaverry,9,0,5,5,19,0.0833,19,6.84,1.13,zone3,60.05
1765033967.10,CAM_004,Av. Petit Thouars,9,0,5,5,19,0.0833,19,6.84,1.13,zone4,60.05
1765033969.92,CAM_001,Av. Javier Prado,23,2,6,1,32,0.1369,32,14.95,0.97,zone1,60.02
1765033969.92,CAM_002,Av. Arequipa,53,9,9,9,80,0.0479,80,9.24,2.38,zone2,60.02
1765033969.92,CAM_003,Av. Salaverry,53,9,9,9,80,0.0479,80,9.24,2.38,zone3,60.02
1765033969.92,CAM_004,Av. Petit Thouars,53,9,9,9,80,0.0479,80,9.24,2.38,zone4,60.02
1765034022.15,CAM_001,Av. Javier Prado,21,0,0,1,22,0.0501,22,2.41,2.25,zone1,60.01
1765034022.15,CAM_002,Av. Arequipa,70,0,0,1,71,0.0427,71,1.99,6.01,zone2,60.01
1765034022.15,CAM_003,Av. Salaverry,70,0,0,1,71,0.0427,71,1.99,6.01,zone3,60.01
1765034022.15,CAM_004,Av. Petit Thouars,70,0,0,1,71,0.0427,71,1.99,6.01,zone4,60.01
1765034024.59,CAM_001,Av. Javier Prado,21,0,2,0,23,0.0841,23,4.03,3.36,zone1,60.13
1765034024.59,CAM_002,Av. Arequipa,52,0,10,0,62,0.0711,62,2.47,7.05,zone2,60.13
1765034024.59,CAM_003,Av. Salaverry,52,0,10,0,62,0.0711,62,2.47,7.05,zone3,60.13
1765034024.59,CAM_004,Av. Petit Thouars,52,0,10,0,62,0.0711,62,2.47,7.05,zone4,60.13
1765034027.17,CAM_001,Av. Javier Prado,7,0,0,6,13,0.3683,13,7.63,1.18,zone1,60.07
1765034027.17,CAM_002,Av. Arequipa,10,0,6,10,26,0.1162,26,5.98,1.52,zone2,60.07
1765034027.17,CAM_003,Av. Salaverry,10,0,6,10,26,0.1162,26,5.98,1.52,zone3,60.07
1765034027.17,CAM_004,Av. Petit Thouars,10,0,6,10,26,0.1162,26,5.98,1.52,zone4,60.07
1765034029.94,CAM_001,Av. Javier Prado,22,2,4,2,30,0.0364,30,10.60,0.71,zone1,60.02
1765034029.94,CAM_002,Av. Arequipa,44,1,5,7,57,0.0204,57,5.27,1.79,zone2,60.02
1765034029.94,CAM_003,Av. Salaverry,44,1,5,7,57,0.0204,57,5.27,1.79,zone3,60.02
1765034029.94,CAM_004,Av. Petit Thouars,44,1,5,7,57,0.0204,57,5.27,1.79,zone4,60.02
1765034082.24,CAM_001,Av. Javier Prado,47,0,0,0,47,0.1334,47,8.16,3.37,zone1,60.10
1765034082.24,CAM_002,Av. Arequipa,111,2,2,0,115,0.0971,115,5.59,7.62,zone2,60.10
1765034082.24,CAM_003,Av. Salaverry,111,2,2,0,115,0.0971,115,5.59,7.62,zone3,60.10
1765034082.24,CAM_004,Av. Petit Thouars,111,2,2,0,115,0.0971,115,5.59,7.62,zone4,60.10
1765034084.63,CAM_001,Av. Javier Prado,26,0,3,0,29,0.0586,29,8.86,1.79,zone1,60.04
1765034084.63,CAM_002,Av. Arequipa,58,0,3,0,61,0.0382,61,2.87,6.19,zone2,60.04
1765034084.63,CAM_003,Av. Salaverry,58,0,3,0,61,0.0382,61,2.87,6.19,zone3,60.04
1765034084.63,CAM_004,Av. Petit Thouars,58,0,3,0,61,0.0382,61,2.87,6.19,zone4,60.04
1765034087.18,CAM_001,Av. Javier Prado,3,0,2,3,8,0.3935,8,5.73,1.00,zone1,60.00
1765034087.18,CAM_002,Av. Arequipa,8,0,5,5,18,0.0669,18,3.91,0.77,zone2,60.00
1765034087.18,CAM_003,Av. Salaverry,8,0,5,5,18,0.0669,18,3.91,0.77,zone3,60.00
1765034087.18,CAM_004,Av. Petit Thouars,8,0,5,5,18,0.0669,18,3.91,0.77,zone4,60.00
1765034089.96,CAM_001,Av. Javier Prado,22,2,3,0,27,0.0672,27,17.39,1.13,zone1,60.02
1765034089.96,CAM_002,Av. Arequipa,44,2,5,4,55,0.0318,55,8.46,2.31,zone2,60.02
1765034089.96,CAM_003,Av. Salaverry,44,2,5,4,55,0.0318,55,8.46,2.31,zone3,60.02
1765034089.96,CAM_004,Av. Petit Thouars,44,2,5,4,55,0.0318,55,8.46,2.31,zone4,60.02
1765034142.26,CAM_001,Av. Javier Prado,14,0,1,1,16,0.0360,16,2.88,1.39,zone1,60.01
1765034142.26,CAM_002,Av. Arequipa,82,0,1,1,84,0.0450,84,1.69,7.38,zone2,60.01
1765034142.26,CAM_003,Av. Salaverry,82,0,1,1,84,0.0450,84,1.69,7.38,zone3,60.01
1765034142.26,CAM_004,Av. Petit Thouars,82,0,1,1,84,0.0450,84,1.69,7.38,zone4,60.01
1765034144.71,CAM_001,Av. Javier Prado,16,0,0,0,16,0.0357,16,7.02,1.54,zone1,60.08
1765034144.71,CAM_002,Av. Arequipa,40,0,0,0,40,0.0371,40,2.19,5.91,zone2,60.08
1765034144.71,CAM_003,Av. Salaverry,40,0,0,0,40,0.0371,40,2.19,5.91,zone3,60.08
1765034144.71,CAM_004,Av. Petit Thouars,40,0,0,0,40,0.0371,40,2.19,5.91,zone4,60.08
1765034147.24,CAM_001,Av. Javier Prado,2,0,0,1,3,0.4047,3,5.49,1.08,zone1,60.07
1765034147.24,CAM_002,Av. Arequipa,3,0,8,4,15,0.1138,15,3.59,1.23,zone2,60.07
1765034147.24,CAM_003,Av. Salaverry,3,0,8,4,15,0.1138,15,3.59,1.23,zone3,60.07
1765034147.24,CAM_004,Av. Petit Thouars,3,0,8,4,15,0.1138,15,3.59,1.23,zone4,60.07
1765034150.01,CAM_001,Av. Javier Prado,25,2,6,8,41,0.0496,41,6.71,1.02,zone1,60.05
1765034150.01,CAM_002,Av. Arequipa,44,11,19,17,91,0.0496,91,5.51,2.99,zone2,60.05
1765034150.01,CAM_003,Av. Salaverry,44,11,19,17,91,0.0496,91,5.51,2.99,zone3,60.05
1765034150.01,CAM_004,Av. Petit Thouars,44,11,19,17,91,0.0496,91,5.51,2.99,zone4,60.05
1765034202.34,CAM_001,Av. Javier Prado,67,0,1,0,68,0.1472,68,6.91,4.59,zone1,60.08
1765034202.34,CAM_002,Av. Arequipa,140,1,1,0,142,0.1124,142,5.08,10.17,zone2,60.08
1765034202.34,CAM_003,Av. Salaverry,140,1,1,0,142,0.1124,142,5.08,10.17,zone3,60.08
1765034202.34,CAM_004,Av. Petit Thouars,140,1,1,0,142,0.1124,142,5.08,10.17,zone4,60.08
1765034204.80,CAM_001,Av. Javier Prado,23,0,3,0,26,0.0727,26,4.97,2.74,zone1,60.09
1765034204.80,CAM_002,Av. Arequipa,48,0,3,0,51,0.0428,51,3.05,6.45,zone2,60.09
1765034204.80,CAM_003,Av. Salaverry,48,0,3,0,51,0.0428,51,3.05,6.45,zone3,60.09
1765034204.80,CAM_004,Av. Petit Thouars,48,0,3,0,51,0.0428,51,3.05,6.45,zone4,60.09
1765034207.31,CAM_001,Av. Javier Prado,2,0,2,5,9,0.3976,9,8.77,1.10,zone1,60.06
1765034207.31,CAM_002,Av. Arequipa,4,0,8,7,19,0.0945,19,5.57,1.14,zone2,60.06
1765034207.31,CAM_003,Av. Salaverry,4,0,8,7,19,0.0945,19,5.57,1.14,zone3,60.06
1765034207.31,CAM_004,Av. Petit Thouars,4,0,8,7,19,0.0945,19,5.57,1.14,zone4,60.06
1765034210.07,CAM_001,Av. Javier Prado,19,1,7,2,29,0.0529,29,14.79,0.63,zone1,60.06
1765034210.07,CAM_002,Av. Arequipa,29,2,10,7,48,0.0223,48,8.53,1.02,zone2,60.06
1765034210.07,CAM_003,Av. Salaverry,29,2,10,7,48,0.0223,48,8.53,1.02,zone3,60.06
1765034210.07,CAM_004,Av. Petit Thouars,29,2,10,7,48,0.0223,48,8.53,1.02,zone4,60.06
1765034262.36,CAM_001,Av. Javier Prado,22,0,1,1,24,0.0407,24,3.05,1.62,zone1,60.01
1765034262.36,CAM_002,Av. Arequipa,65,2,1,1,69,0.0581,69,1.59,6.82,zone2,60.01
1765034262.36,CAM_003,Av. Salaverry,65,2,1,1,69,0.0581,69,1.59,6.82,zone3,60.01
1765034262.36,CAM_004,Av. Petit Thouars,65,2,1,1,69,0.0581,69,1.59,6.82,zone4,60.01
1765034264.82,CAM_001,Av. Javier Prado,28,0,3,0,31,0.0660,31,10.93,2.07,zone1,60.01
1765034264.82,CAM_002,Av. Arequipa,69,0,3,0,72,0.0401,72,4.47,5.67,zone2,60.01
1765034264.82,CAM_003,Av. Salaverry,69,0,3,0,72,0.0401,72,4.47,5.67,zone3,60.01
1765034264.82,CAM_004,Av. Petit Thouars,69,0,3,0,72,0.0401,72,4.47,5.67,zone4,60.01
1765034267.32,CAM_001,Av. Javier Prado,3,0,1,4,8,0.4212,8,10.25,1.14,zone1,60.02
1765034267.32,CAM_002,Av. Arequipa,5,0,5,9,19,0.1125,19,7.17,1.37,zone2,60.02
1765034267.32,CAM_003,Av. Salaverry,5,0,5,9,19,0.1125,19,7.17,1.37,zone3,60.02
1765034267.32,CAM_004,Av. Petit Thouars,5,0,5,9,19,0.1125,19,7.17,1.37,zone4,60.02
1765034270.15,CAM_001,Av. Javier Prado,13,3,2,0,18,0.0513,18,16.91,0.53,zone1,60.08
1765034270.15,CAM_002,Av. Arequipa,38,6,8,2,54,0.0360,54,11.94,1.72,zone2,60.08
1765034270.15,CAM_003,Av. Salaverry,38,6,8,2,54,0.0360,54,11.94,1.72,zone3,60.08
1765034270.15,CAM_004,Av. Petit Thouars,38,6,8,2,54,0.0360,54,11.94,1.72,zone4,60.08
1765034322.38,CAM_001,Av. Javier Prado,50,0,1,1,52,0.2182,52,6.05,5.69,zone1,60.03
1765034322.38,CAM_002,Av. Arequipa,114,2,6,1,123,0.1460,123,4.80,11.19,zone2,60.03
1765034322.38,CAM_003,Av. Salaverry,114,2,6,1,123,0.1460,123,4.80,11.19,zone3,60.03
1765034322.38,CAM_004,Av. Petit Thouars,114,2,6,1,123,0.1460,123,4.80,11.19,zone4,60.03
1765034324.92,CAM_001,Av. Javier Prado,20,0,2,0,22,0.0450,22,9.03,1.57,zone1,60.10
1765034324.92,CAM_002,Av. Arequipa,48,0,0,0,48,0.0338,48,2.91,6.59,zone2,60.10
1765034324.92,CAM_003,Av. Salaverry,48,0,0,0,48,0.0338,48,2.91,6.59,zone3,60.10
1765034324.92,CAM_004,Av. Petit Thouars,48,0,0,0,48,0.0338,48,2.91,6.59,zone4,60.10
1765034327.40,CAM_001,Av. Javier Prado,2,0,1,4,7,0.3932,7,11.59,1.02,zone1,60.08
1765034327.40,CAM_002,Av. Arequipa,5,0,6,6,17,0.1038,17,4.80,1.35,zone2,60.08
1765034327.40,CAM_003,Av. Salaverry,5,0,6,6,17,0.1038,17,4.80,1.35,zone3,60.08
1765034327.40,CAM_004,Av. Petit Thouars,5,0,6,6,17,0.1038,17,4.80,1.35,zone4,60.08
1765034330.22,CAM_001,Av. Javier Prado,13,0,1,7,21,0.0183,21,5.06,0.52,zone1,60.07
1765034330.22,CAM_002,Av. Arequipa,42,0,4,10,56,0.0165,56,3.37,1.76,zone2,60.07
1765034330.22,CAM_003,Av. Salaverry,42,0,4,10,56,0.0165,56,3.37,1.76,zone3,60.07
1765034330.22,CAM_004,Av. Petit Thouars,42,0,4,10,56,0.0165,56,3.37,1.76,zone4,60.07
1765034382.39,CAM_001,Av. Javier Prado,33,0,0,0,33,0.1492,33,2.61,4.45,zone1,60.00
1765034382.39,CAM_002,Av. Arequipa,64,0,0,0,64,0.0987,64,2.33,7.58,zone2,60.00
1765034382.39,CAM_003,Av. Salaverry,64,0,0,0,64,0.0987,64,2.33,7.58,zone3,60.00
1765034382.39,CAM_004,Av. Petit Thouars,64,0,0,0,64,0.0987,64,2.33,7.58,zone4,60.00
1765034384.97,CAM_001,Av. Javier Prado,22,0,4,0,26,0.0654,26,7.20,2.33,zone1,60.05
1765034384.97,CAM_002,Av. Arequipa,52,0,4,0,56,0.0438,56,2.76,6.27,zone2,60.05
1765034384.97,CAM_003,Av. Salaverry,52,0,4,0,56,0.0438,56,2.76,6.27,zone3,60.05
1765034384.97,CAM_004,Av. Petit Thouars,52,0,4,0,56,0.0438,56,2.76,6.27,zone4,60.05
1765034387.50,CAM_001,Av. Javier Prado,3,0,1,5,9,0.4152,9,5.05,1.18,zone1,60.09
1765034387.50,CAM_002,Av. Arequipa,10,0,6,9,25,0.0766,25,4.72,1.14,zone2,60.09
1765034387.50,CAM_003,Av. Salaverry,10,0,6,9,25,0.0766,25,4.72,1.14,zone3,60.09
1765034387.50,CAM_004,Av. Petit Thouars,10,0,6,9,25,0.0766,25,4.72,1.14,zone4,60.09
1765034390.30,CAM_001,Av. Javier Prado,9,0,2,2,13,0.0374,13,18.59,0.33,zone1,60.08
1765034390.30,CAM_002,Av. Arequipa,36,0,2,10,48,0.0124,48,10.55,0.92,zone2,60.08
1765034390.30,CAM_003,Av. Salaverry,36,0,2,10,48,0.0124,48,10.55,0.92,zone3,60.08
1765034390.30,CAM_004,Av. Petit Thouars,36,0,2,10,48,0.0124,48,10.55,0.92,zone4,60.08
1765034442.45,CAM_001,Av. Javier Prado,31,0,1,0,32,0.1305,32,6.59,3.17,zone1,60.06
1765034442.45,CAM_002,Av. Arequipa,110,0,2,0,112,0.1063,112,4.17,9.37,zone2,60.06
1765034442.45,CAM_003,Av. Salaverry,110,0,2,0,112,0.1063,112,4.17,9.37,zone3,60.06
1765034442.45,CAM_004,Av. Petit Thouars,110,0,2,0,112,0.1063,112,4.17,9.37,zone4,60.06
1765034445.10,CAM_001,Av. Javier Prado,16,0,1,0,17,0.0353,17,7.06,1.36,zone1,60.13
1765034445.10,CAM_002,Av. Arequipa,52,0,1,0,53,0.0271,53,2.36,5.28,zone2,60.13
1765034445.10,CAM_003,Av. Salaverry,52,0,1,0,53,0.0271,53,2.36,5.28,zone3,60.13
1765034445.10,CAM_004,Av. Petit Thouars,52,0,1,0,53,0.0271,53,2.36,5.28,zone4,60.13
1765034447.55,CAM_001,Av. Javier Prado,1,0,2,5,8,0.4264,8,4.80,1.06,zone1,60.05
1765034447.55,CAM_002,Av. Arequipa,7,0,4,8,19,0.0664,19,1.83,0.92,zone2,60.05
1765034447.55,CAM_003,Av. Salaverry,7,0,4,8,19,0.0664,19,1.83,0.92,zone3,60.05
1765034447.55,CAM_004,Av. Petit Thouars,7,0,4,8,19,0.0664,19,1.83,0.92,zone4,60.05
1765034450.46,CAM_001,Av. Javier Prado,20,0,2,2,24,0.0260,24,12.10,0.42,zone1,60.16
1765034450.46,CAM_002,Av. Arequipa,51,9,12,4,76,0.0533,76,11.32,1.54,zone2,60.16
1765034450.46,CAM_003,Av. Salaverry,51,9,12,4,76,0.0533,76,11.32,1.54,zone3,60.16
1765034450.46,CAM_004,Av. Petit Thouars,51,9,12,4,76,0.0533,76,11.32,1.54,zone4,60.16
1765034502.63,CAM_001,Av. Javier Prado,20,0,2,0,22,0.1059,22,5.34,2.16,zone1,60.18
1765034502.63,CAM_002,Av. Arequipa,57,1,3,0,61,0.0850,61,2.44,6.03,zone2,60.18
1765034502.63,CAM_003,Av. Salaverry,57,1,3,0,61,0.0850,61,2.44,6.03,zone3,60.18
1765034502.63,CAM_004,Av. Petit Thouars,57,1,3,0,61,0.0850,61,2.44,6.03,zone4,60.18
1765034505.16,CAM_001,Av. Javier Prado,24,0,3,0,27,0.0455,27,9.72,1.83,zone1,60.07
1765034505.16,CAM_002,Av. Arequipa,43,0,6,0,49,0.0404,49,3.47,5.12,zone2,60.07
1765034505.16,CAM_003,Av. Salaverry,43,0,6,0,49,0.0404,49,3.47,5.12,zone3,60.07
1765034505.16,CAM_004,Av. Petit Thouars,43,0,6,0,49,0.0404,49,3.47,5.12,zone4,60.07
1765034507.59,CAM_001,Av. Javier Prado,3,0,0,2,5,0.3436,5,5.06,0.97,zone1,60.05
1765034507.59,CAM_002,Av. Arequipa,8,2,6,2,18,0.1195,18,2.36,1.80,zone2,60.05
1765034507.59,CAM_003,Av. Salaverry,8,2,6,2,18,0.1195,18,2.36,1.80,zone3,60.05
1765034507.59,CAM_004,Av. Petit Thouars,8,2,6,2,18,0.1195,18,2.36,1.80,zone4,60.05
1765034510.47,CAM_001,Av. Javier Prado,23,2,5,4,34,0.1109,34,7.85,1.59,zone1,60.01
1765034510.47,CAM_002,Av. Arequipa,43,3,5,8,59,0.0498,59,5.61,2.84,zone2,60.01
1765034510.47,CAM_003,Av. Salaverry,43,3,5,8,59,0.0498,59,5.61,2.84,zone3,60.01
1765034510.47,CAM_004,Av. Petit Thouars,43,3,5,8,59,0.0498,59,5.61,2.84,zone4,60.01
1765034562.73,CAM_001,Av. Javier Prado,27,0,0,0,27,0.0895,27,5.49,2.37,zone1,60.10
1765034562.73,CAM_002,Av. Arequipa,100,1,0,0,101,0.0934,101,3.17,8.64,zone2,60.10
1765034562.73,CAM_003,Av. Salaverry,100,1,0,0,101,0.0934,101,3.17,8.64,zone3,60.10
1765034562.73,CAM_004,Av. Petit Thouars,100,1,0,0,101,0.0934,101,3.17,8.64,zone4,60.10
1765034565.26,CAM_001,Av. Javier Prado,30,0,3,0,33,0.0789,33,6.31,3.89,zone1,60.09
1765034565.26,CAM_002,Av. Arequipa,56,0,3,0,59,0.0762,59,2.86,9.32,zone2,60.09
1765034565.26,CAM_003,Av. Salaverry,56,0,3,0,59,0.0762,59,2.86,9.32,zone3,60.09
1765034565.26,CAM_004,Av. Petit Thouars,56,0,3,0,59,0.0762,59,2.86,9.32,zone4,60.09
1765034567.69,CAM_001,Av. Javier Prado,4,0,0,0,4,0.3885,4,5.39,1.01,zone1,60.10
1765034567.69,CAM_002,Av. Arequipa,10,0,1,2,13,0.1036,13,2.63,1.49,zone2,60.10
1765034567.69,CAM_003,Av. Salaverry,10,0,1,2,13,0.1036,13,2.63,1.49,zone3,60.10
1765034567.69,CAM_004,Av. Petit Thouars,10,0,1,2,13,0.1036,13,2.63,1.49,zone4,60.10
1765034570.55,CAM_001,Av. Javier Prado,23,0,6,3,32,0.0803,32,10.62,1.06,zone1,60.08
1765034570.55,CAM_002,Av. Arequipa,34,2,12,7,55,0.0581,55,8.06,2.22,zone2,60.08
1765034570.55,CAM_003,Av. Salaverry,34,2,12,7,55,0.0581,55,8.06,2.22,zone3,60.08
1765034570.55,CAM_004,Av. Petit Thouars,34,2,12,7,55,0.0581,55,8.06,2.22,zone4,60.08
1765034622.82,CAM_001,Av. Javier Prado,39,0,0,0,39,0.0931,39,7.89,2.66,zone1,60.09
1765034622.82,CAM_002,Av. Arequipa,96,1,0,0,97,0.0949,97,4.17,7.97,zone2,60.09
1765034622.82,CAM_003,Av. Salaverry,96,1,0,0,97,0.0949,97,4.17,7.97,zone3,60.09
1765034622.82,CAM_004,Av. Petit Thouars,96,1,0,0,97,0.0949,97,4.17,7.97,zone4,60.09
1765034625.35,CAM_001,Av. Javier Prado,24,0,5,0,29,0.0865,29,4.52,3.05,zone1,60.09
1765034625.35,CAM_002,Av. Arequipa,51,0,5,0,56,0.0695,56,1.73,8.73,zone2,60.09
1765034625.35,CAM_003,Av. Salaverry,51,0,5,0,56,0.0695,56,1.73,8.73,zone3,60.09
1765034625.35,CAM_004,Av. Petit Thouars,51,0,5,0,56,0.0695,56,1.73,8.73,zone4,60.09
1765034627.80,CAM_001,Av. Javier Prado,4,0,0,3,7,0.3933,7,6.47,1.08,zone1,60.11
1765034627.80,CAM_002,Av. Arequipa,8,0,2,5,15,0.1104,15,2.34,1.68,zone2,60.11
1765034627.80,CAM_003,Av. Salaverry,8,0,2,5,15,0.1104,15,2.34,1.68,zone3,60.11
1765034627.80,CAM_004,Av. Petit Thouars,8,0,2,5,15,0.1104,15,2.34,1.68,zone4,60.11
1765034630.55,CAM_001,Av. Javier Prado,5,0,6,2,13,0.0206,13,3.92,0.79,zone1,60.00
1765034630.55,CAM_002,Av. Arequipa,19,0,11,3,33,0.0189,33,4.09,1.35,zone2,60.00
1765034630.55,CAM_003,Av. Salaverry,19,0,11,3,33,0.0189,33,4.09,1.35,zone3,60.00
1765034630.55,CAM_004,Av. Petit Thouars,19,0,11,3,33,0.0189,33,4.09,1.35,zone4,60.00
1765034682.91,CAM_001,Av. Javier Prado,18,0,0,0,18,0.0786,18,2.31,3.03,zone1,60.09
1765034682.91,CAM_002,Av. Arequipa,75,1,0,0,76,0.0764,76,2.09,8.56,zone2,60.09
1765034682.91,CAM_003,Av. Salaverry,75,1,0,0,76,0.0764,76,2.09,8.56,zone3,60.09
1765034682.91,CAM_004,Av. Petit Thouars,75,1,0,0,76,0.0764,76,2.09,8.56,zone4,60.09
1765034685.41,CAM_001,Av. Javier Prado,26,1,5,0,32,0.0707,32,6.14,2.67,zone1,60.07
1765034685.41,CAM_002,Av. Arequipa,62,1,7,0,70,0.0467,70,3.49,6.12,zone2,60.07
1765034685.41,CAM_003,Av. Salaverry,62,1,7,0,70,0.0467,70,3.49,6.12,zone3,60.07
1765034685.41,CAM_004,Av. Petit Thouars,62,1,7,0,70,0.0467,70,3.49,6.12,zone4,60.07
1765034687.89,CAM_001,Av. Javier Prado,5,0,1,6,12,0.4129,12,4.99,1.19,zone1,60.09
1765034687.89,CAM_002,Av. Arequipa,12,0,7,12,31,0.1114,31,3.28,1.60,zone2,60.09
1765034687.89,CAM_003,Av. Salaverry,12,0,7,12,31,0.1114,31,3.28,1.60,zone3,60.09
1765034687.89,CAM_004,Av. Petit Thouars,12,0,7,12,31,0.1114,31,3.28,1.60,zone4,60.09
1765034690.63,CAM_001,Av. Javier Prado,26,3,7,2,38,0.1708,38,8.92,1.23,zone1,60.08
1765034690.63,CAM_002,Av. Arequipa,39,5,10,3,57,0.0412,57,7.00,1.40,zone2,60.08
1765034690.63,CAM_003,Av. Salaverry,39,5,10,3,57,0.0412,57,7.00,1.40,zone3,60.08
1765034690.63,CAM_004,Av. Petit Thouars,39,5,10,3,57,0.0412,57,7.00,1.40,zone4,60.08
1765034742.98,CAM_001,Av. Javier Prado,32,0,0,1,33,0.0796,33,9.88,2.09,zone1,60.08
1765034742.98,CAM_002,Av. Arequipa,68,3,1,1,73,0.0645,73,5.84,5.67,zone2,60.08
1765034742.98,CAM_003,Av. Salaverry,68,3,1,1,73,0.0645,73,5.84,5.67,zone3,60.08
1765034742.98,CAM_004,Av. Petit Thouars,68,3,1,1,73,0.0645,73,5.84,5.67,zone4,60.08
1765034745.45,CAM_001,Av. Javier Prado,31,1,2,0,34,0.0684,34,5.97,3.18,zone1,60.04
1765034745.45,CAM_002,Av. Arequipa,57,1,5,0,63,0.0513,63,2.93,7.01,zone2,60.04
1765034745.45,CAM_003,Av. Salaverry,57,1,5,0,63,0.0513,63,2.93,7.01,zone3,60.04
1765034745.45,CAM_004,Av. Petit Thouars,57,1,5,0,63,0.0513,63,2.93,7.01,zone4,60.04
1765034747.94,CAM_001,Av. Javier Prado,4,0,1,0,5,0.4229,5,6.65,1.09,zone1,60.05
1765034747.94,CAM_002,Av. Arequipa,9,0,4,0,13,0.0987,13,4.23,1.01,zone2,60.05
1765034747.94,CAM_003,Av. Salaverry,9,0,4,0,13,0.0987,13,4.23,1.01,zone3,60.05
1765034747.94,CAM_004,Av. Petit Thouars,9,0,4,0,13,0.0987,13,4.23,1.01,zone4,60.05
1765034750.73,CAM_001,Av. Javier Prado,15,4,5,0,24,0.0573,24,6.58,1.07,zone1,60.10
1765034750.73,CAM_002,Av. Arequipa,33,5,10,1,49,0.0417,49,8.07,1.95,zone2,60.10
1765034750.73,CAM_003,Av. Salaverry,33,5,10,1,49,0.0417,49,8.07,1.95,zone3,60.10
1765034750.73,CAM_004,Av. Petit Thouars,33,5,10,1,49,0.0417,49,8.07,1.95,zone4,60.10
1765034803.07,CAM_001,Av. Javier Prado,15,1,2,0,18,0.0495,18,4.76,1.57,zone1,60.09
1765034803.07,CAM_002,Av. Arequipa,46,4,5,0,55,0.0434,55,2.71,5.41,zone2,60.09
1765034803.07,CAM_003,Av. Salaverry,46,4,5,0,55,0.0434,55,2.71,5.41,zone3,60.09
1765034803.07,CAM_004,Av. Petit Thouars,46,4,5,0,55,0.0434,55,2.71,5.41,zone4,60.09
1765034805.55,CAM_001,Av. Javier Prado,24,2,5,0,31,0.0976,31,8.70,2.41,zone1,60.10
1765034805.55,CAM_002,Av. Arequipa,61,2,5,0,68,0.0585,68,3.44,7.07,zone2,60.10
1765034805.55,CAM_003,Av. Salaverry,61,2,5,0,68,0.0585,68,3.44,7.07,zone3,60.10
1765034805.55,CAM_004,Av. Petit Thouars,61,2,5,0,68,0.0585,68,3.44,7.07,zone4,60.10
1765034807.97,CAM_001,Av. Javier Prado,3,1,4,2,10,0.4244,10,7.88,1.23,zone1,60.03
1765034807.97,CAM_002,Av. Arequipa,6,1,8,5,20,0.0965,20,8.15,1.15,zone2,60.03
1765034807.97,CAM_003,Av. Salaverry,6,1,8,5,20,0.0965,20,8.15,1.15,zone3,60.03
1765034807.97,CAM_004,Av. Petit Thouars,6,1,8,5,20,0.0965,20,8.15,1.15,zone4,60.03
1765034810.73,CAM_001,Av. Javier Prado,36,2,13,7,58,0.1848,58,12.18,1.17,zone1,60.00
1765034810.73,CAM_002,Av. Arequipa,55,4,10,10,79,0.0434,79,7.88,1.65,zone2,60.00
1765034810.73,CAM_003,Av. Salaverry,55,4,10,10,79,0.0434,79,7.88,1.65,zone3,60.00
1765034810.73,CAM_004,Av. Petit Thouars,55,4,10,10,79,0.0434,79,7.88,1.65,zone4,60.00
1765034863.07,CAM_001,Av. Javier Prado,44,0,1,6,51,0.1179,51,5.47,3.53,zone1,60.00
1765034863.07,CAM_002,Av. Arequipa,100,0,3,6,109,0.0929,109,3.93,8.43,zone2,60.00
1765034863.07,CAM_003,Av. Salaverry,100,0,3,6,109,0.0929,109,3.93,8.43,zone3,60.00
1765034863.07,CAM_004,Av. Petit Thouars,100,0,3,6,109,0.0929,109,3.93,8.43,zone4,60.00
1765034865.62,CAM_001,Av. Javier Prado,14,0,2,0,16,0.0620,16,6.71,1.78,zone1,60.07
1765034865.62,CAM_002,Av. Arequipa,43,3,6,0,52,0.0331,52,2.08,5.06,zone2,60.07
1765034865.62,CAM_003,Av. Salaverry,43,3,6,0,52,0.0331,52,2.08,5.06,zone3,60.07
1765034865.62,CAM_004,Av. Petit Thouars,43,3,6,0,52,0.0331,52,2.08,5.06,zone4,60.07
1765034868.01,CAM_001,Av. Javier Prado,2,0,0,0,2,0.3971,2,3.88,0.99,zone1,60.05
1765034868.01,CAM_002,Av. Arequipa,1,0,4,2,7,0.1168,7,2.77,1.30,zone2,60.05
1765034868.01,CAM_003,Av. Salaverry,1,0,4,2,7,0.1168,7,2.77,1.30,zone3,60.05
1765034868.01,CAM_004,Av. Petit Thouars,1,0,4,2,7,0.1168,7,2.77,1.30,zone4,60.05
1765034870.77,CAM_001,Av. Javier Prado,21,0,2,0,23,0.0811,23,8.54,1.51,zone1,60.04
1765034870.77,CAM_002,Av. Arequipa,35,3,10,3,51,0.0345,51,5.48,3.32,zone2,60.04
1765034870.77,CAM_003,Av. Salaverry,35,3,10,3,51,0.0345,51,5.48,3.32,zone3,60.04
1765034870.77,CAM_004,Av. Petit Thouars,35,3,10,3,51,0.0345,51,5.48,3.32,zone4,60.04
1765034923.18,CAM_001,Av. Javier Prado,21,0,0,2,23,0.0628,23,1.93,2.79,zone1,60.11
1765034923.18,CAM_002,Av. Arequipa,82,0,0,3,85,0.0904,85,1.43,9.33,zone2,60.11
1765034923.18,CAM_003,Av. Salaverry,82,0,0,3,85,0.0904,85,1.43,9.33,zone3,60.11
1765034923.18,CAM_004,Av. Petit Thouars,82,0,0,3,85,0.0904,85,1.43,9.33,zone4,60.11
1765034925.74,CAM_001,Av. Javier Prado,17,0,4,0,21,0.0820,21,3.06,2.71,zone1,60.12
1765034925.74,CAM_002,Av. Arequipa,43,0,4,0,47,0.0375,47,1.40,6.08,zone2,60.12
1765034925.74,CAM_003,Av. Salaverry,43,0,4,0,47,0.0375,47,1.40,6.08,zone3,60.12
1765034925.74,CAM_004,Av. Petit Thouars,43,0,4,0,47,0.0375,47,1.40,6.08,zone4,60.12
1765034928.12,CAM_001,Av. Javier Prado,3,0,1,1,5,0.4049,5,0.77,1.00,zone1,60.10
1765034928.12,CAM_002,Av. Arequipa,7,0,6,3,16,0.0821,16,0.86,0.97,zone2,60.10
1765034928.12,CAM_003,Av. Salaverry,7,0,6,3,16,0.0821,16,0.86,0.97,zone3,60.10
1765034928.12,CAM_004,Av. Petit Thouars,7,0,6,3,16,0.0821,16,0.86,0.97,zone4,60.10
1765034930.81,CAM_001,Av. Javier Prado,18,0,4,1,23,0.0160,23,6.48,0.38,zone1,60.04
1765034930.81,CAM_002,Av. Arequipa,43,4,14,1,62,0.0448,62,7.06,2.43,zone2,60.04
1765034930.81,CAM_003,Av. Salaverry,43,4,14,1,62,0.0448,62,7.06,2.43,zone3,60.04
1765034930.81,CAM_004,Av. Petit Thouars,43,4,14,1,62,0.0448,62,7.06,2.43,zone4,60.04
1765034983.26,CAM_001,Av. Javier Prado,43,0,2,0,45,0.1492,45,5.69,4.30,zone1,60.08
1765034983.26,CAM_002,Av. Arequipa,128,0,3,0,131,0.1215,131,3.67,11.96,zone2,60.08
1765034983.26,CAM_003,Av. Salaverry,128,0,3,0,131,0.1215,131,3.67,11.96,zone3,60.08
1765034983.26,CAM_004,Av. Petit Thouars,128,0,3,0,131,0.1215,131,3.67,11.96,zone4,60.08
1765034985.79,CAM_001,Av. Javier Prado,29,0,4,0,33,0.0820,33,4.35,3.70,zone1,60.06
1765034985.79,CAM_002,Av. Arequipa,59,0,8,1,68,0.0570,68,2.92,7.44,zone2,60.06
1765034985.79,CAM_003,Av. Salaverry,59,0,8,1,68,0.0570,68,2.92,7.44,zone3,60.06
1765034985.79,CAM_004,Av. Petit Thouars,59,0,8,1,68,0.0570,68,2.92,7.44,zone4,60.06
1765034988.20,CAM_001,Av. Javier Prado,9,0,1,3,13,0.3801,13,4.34,1.12,zone1,60.09
1765034988.20,CAM_002,Av. Arequipa,8,0,6,4,18,0.1077,18,4.66,1.81,zone2,60.09
1765034988.20,CAM_003,Av. Salaverry,8,0,6,4,18,0.1077,18,4.66,1.81,zone3,60.09
1765034988.20,CAM_004,Av. Petit Thouars,8,0,6,4,18,0.1077,18,4.66,1.81,zone4,60.09
1765034990.91,CAM_001,Av. Javier Prado,23,0,2,6,31,0.0219,31,11.34,0.48,zone1,60.10
1765034990.91,CAM_002,Av. Arequipa,48,2,8,7,65,0.0137,65,5.83,1.25,zone2,60.10
1765034990.91,CAM_003,Av. Salaverry,48,2,8,7,65,0.0137,65,5.83,1.25,zone3,60.10
1765034990.91,CAM_004,Av. Petit Thouars,48,2,8,7,65,0.0137,65,5.83,1.25,zone4,60.10
1765035043.37,CAM_001,Av. Javier Prado,19,0,0,0,19,0.0537,19,7.02,1.68,zone1,60.11
1765035043.37,CAM_002,Av. Arequipa,59,3,0,2,64,0.0444,64,2.68,6.05,zone2,60.11
1765035043.37,CAM_003,Av. Salaverry,59,3,0,2,64,0.0444,64,2.68,6.05,zone3,60.11
1765035043.37,CAM_004,Av. Petit Thouars,59,3,0,2,64,0.0444,64,2.68,6.05,zone4,60.11
1765035045.88,CAM_001,Av. Javier Prado,40,0,5,0,45,0.1102,45,8.86,3.12,zone1,60.09
1765035045.88,CAM_002,Av. Arequipa,81,0,4,0,85,0.0495,85,3.77,8.11,zone2,60.09
1765035045.88,CAM_003,Av. Salaverry,81,0,4,0,85,0.0495,85,3.77,8.11,zone3,60.09
1765035045.88,CAM_004,Av. Petit Thouars,81,0,4,0,85,0.0495,85,3.77,8.11,zone4,60.09
1765035048.32,CAM_001,Av. Javier Prado,1,0,1,1,3,0.3373,3,0.38,0.83,zone1,60.12
1765035048.32,CAM_002,Av. Arequipa,8,0,4,3,15,0.0897,15,0.56,1.84,zone2,60.12
1765035048.32,CAM_003,Av. Salaverry,8,0,4,3,15,0.0897,15,0.56,1.84,zone3,60.12
1765035048.32,CAM_004,Av. Petit Thouars,8,0,4,3,15,0.0897,15,0.56,1.84,zone4,60.12
1765035051.02,CAM_001,Av. Javier Prado,8,0,0,2,10,0.0153,10,6.19,0.46,zone1,60.11
1765035051.02,CAM_002,Av. Arequipa,19,4,5,3,31,0.0189,31,7.76,1.03,zone2,60.11
1765035051.02,CAM_003,Av. Salaverry,19,4,5,3,31,0.0189,31,7.76,1.03,zone3,60.11
1765035051.02,CAM_004,Av. Petit Thouars,19,4,5,3,31,0.0189,31,7.76,1.03,zone4,60.11
1765035219.13,CAM_001,Av. Javier Prado,4,1,0,0,5,0.0113,5,11.55,0.30,zone1,60.03
1765035219.13,CAM_002,Av. Arequipa,46,1,1,1,49,0.0351,49,1.98,6.86,zone2,60.03
1765035219.13,CAM_003,Av. Salaverry,46,1,1,1,49,0.0351,49,1.98,6.86,zone3,60.03
1765035219.13,CAM_004,Av. Petit Thouars,46,1,1,1,49,0.0351,49,1.98,6.86,zone4,60.03
1765035223.66,CAM_001,Av. Javier Prado,20,0,2,0,22,0.0562,22,4.83,2.74,zone1,60.11
1765035223.66,CAM_002,Av. Arequipa,31,0,2,0,33,0.0345,33,2.62,5.42,zone2,60.11
1765035223.66,CAM_003,Av. Salaverry,31,0,2,0,33,0.0345,33,2.62,5.42,zone3,60.11
1765035223.66,CAM_004,Av. Petit Thouars,31,0,2,0,33,0.0345,33,2.62,5.42,zone4,60.11
1765035228.60,CAM_001,Av. Javier Prado,1,0,1,4,6,0.4520,6,1.43,1.77,zone1,60.03
1765035228.60,CAM_002,Av. Arequipa,5,0,6,6,17,0.1128,17,1.63,1.83,zone2,60.03
1765035228.60,CAM_003,Av. Salaverry,5,0,6,6,17,0.1128,17,1.63,1.83,zone3,60.03
1765035228.60,CAM_004,Av. Petit Thouars,5,0,6,6,17,0.1128,17,1.63,1.83,zone4,60.03
1765035232.39,CAM_001,Av. Javier Prado,9,2,5,0,16,0.0219,16,17.49,0.35,zone1,60.04
1765035232.39,CAM_002,Av. Arequipa,32,3,8,2,45,0.0243,45,10.36,1.78,zone2,60.04
1765035232.39,CAM_003,Av. Salaverry,32,3,8,2,45,0.0243,45,10.36,1.78,zone3,60.04
1765035232.39,CAM_004,Av. Petit Thouars,32,3,8,2,45,0.0243,45,10.36,1.78,zone4,60.04
1765035279.24,CAM_001,Av. Javier Prado,44,0,0,4,48,0.0662,48,7.82,1.94,zone1,60.11
1765035279.24,CAM_002,Av. Arequipa,99,0,0,5,104,0.0646,104,4.08,6.29,zone2,60.11
1765035279.24,CAM_003,Av. Salaverry,99,0,0,5,104,0.0646,104,4.08,6.29,zone3,60.11
1765035279.24,CAM_004,Av. Petit Thouars,99,0,0,5,104,0.0646,104,4.08,6.29,zone4,60.11
1765035283.67,CAM_001,Av. Javier Prado,30,0,12,0,42,0.0691,42,7.52,2.35,zone1,60.01
1765035283.67,CAM_002,Av. Arequipa,63,0,9,0,72,0.0412,72,2.96,6.75,zone2,60.01
1765035283.67,CAM_003,Av. Salaverry,63,0,9,0,72,0.0412,72,2.96,6.75,zone3,60.01
1765035283.67,CAM_004,Av. Petit Thouars,63,0,9,0,72,0.0412,72,2.96,6.75,zone4,60.01
1765035288.60,CAM_001,Av. Javier Prado,2,0,2,1,5,0.3134,5,4.52,0.88,zone1,60.00
1765035288.60,CAM_002,Av. Arequipa,2,1,4,5,12,0.0903,12,1.82,1.24,zone2,60.00
1765035288.60,CAM_003,Av. Salaverry,2,1,4,5,12,0.0903,12,1.82,1.24,zone3,60.00
1765035288.60,CAM_004,Av. Petit Thouars,2,1,4,5,12,0.0903,12,1.82,1.24,zone4,60.00
1765035292.45,CAM_001,Av. Javier Prado,25,0,8,1,34,0.0680,34,14.86,0.87,zone1,60.06
1765035292.45,CAM_002,Av. Arequipa,39,0,7,3,49,0.0235,49,8.06,1.29,zone2,60.06
1765035292.45,CAM_003,Av. Salaverry,39,0,7,3,49,0.0235,49,8.06,1.29,zone3,60.06
1765035292.45,CAM_004,Av. Petit Thouars,39,0,7,3,49,0.0235,49,8.06,1.29,zone4,60.06
1765035339.29,CAM_001,Av. Javier Prado,30,0,0,0,30,0.0869,30,2.91,3.00,zone1,60.05
1765035339.29,CAM_002,Av. Arequipa,85,0,0,0,85,0.0768,85,2.28,7.92,zone2,60.05
1765035339.29,CAM_003,Av. Salaverry,85,0,0,0,85,0.0768,85,2.28,7.92,zone3,60.05
1765035339.29,CAM_004,Av. Petit Thouars,85,0,0,0,85,0.0768,85,2.28,7.92,zone4,60.05
1765035343.75,CAM_001,Av. Javier Prado,17,0,0,0,17,0.0526,17,6.30,1.94,zone1,60.08
1765035343.75,CAM_002,Av. Arequipa,53,0,5,0,58,0.0539,58,2.07,7.49,zone2,60.08
1765035343.75,CAM_003,Av. Salaverry,53,0,5,0,58,0.0539,58,2.07,7.49,zone3,60.08
1765035343.75,CAM_004,Av. Petit Thouars,53,0,5,0,58,0.0539,58,2.07,7.49,zone4,60.08
1765035348.63,CAM_001,Av. Javier Prado,2,0,0,1,3,0.3668,3,1.00,0.92,zone1,60.03
1765035348.63,CAM_002,Av. Arequipa,4,0,5,10,19,0.0670,19,1.44,1.24,zone2,60.03
1765035348.63,CAM_003,Av. Salaverry,4,0,5,10,19,0.0670,19,1.44,1.24,zone3,60.03
1765035348.63,CAM_004,Av. Petit Thouars,4,0,5,10,19,0.0670,19,1.44,1.24,zone4,60.03
1765035352.53,CAM_001,Av. Javier Prado,11,0,5,0,16,0.0374,16,7.98,1.02,zone1,60.08
1765035352.53,CAM_002,Av. Arequipa,32,5,15,2,54,0.0365,54,6.69,2.15,zone2,60.08
1765035352.53,CAM_003,Av. Salaverry,32,5,15,2,54,0.0365,54,6.69,2.15,zone3,60.08
1765035352.53,CAM_004,Av. Petit Thouars,32,5,15,2,54,0.0365,54,6.69,2.15,zone4,60.08
1765035399.35,CAM_001,Av. Javier Prado,48,0,2,0,50,0.0920,50,8.17,2.70,zone1,60.06
1765035399.35,CAM_002,Av. Arequipa,124,0,3,0,127,0.0835,127,4.47,8.35,zone2,60.06
1765035399.35,CAM_003,Av. Salaverry,124,0,3,0,127,0.0835,127,4.47,8.35,zone3,60.06
1765035399.35,CAM_004,Av. Petit Thouars,124,0,3,0,127,0.0835,127,4.47,8.35,zone4,60.06
1765035403.85,CAM_001,Av. Javier Prado,37,4,8,0,49,0.0884,49,5.68,2.97,zone1,60.10
1765035403.85,CAM_002,Av. Arequipa,73,0,5,0,78,0.0405,78,2.90,6.69,zone2,60.10
1765035403.85,CAM_003,Av. Salaverry,73,0,5,0,78,0.0405,78,2.90,6.69,zone3,60.10
1765035403.85,CAM_004,Av. Petit Thouars,73,0,5,0,78,0.0405,78,2.90,6.69,zone4,60.10
1765035408.65,CAM_001,Av. Javier Prado,4,0,0,2,6,0.3615,6,3.61,1.01,zone1,60.02
1765035408.65,CAM_002,Av. Arequipa,14,0,6,6,26,0.1088,26,5.53,1.52,zone2,60.02
1765035408.65,CAM_003,Av. Salaverry,14,0,6,6,26,0.1088,26,5.53,1.52,zone3,60.02
1765035408.65,CAM_004,Av. Petit Thouars,14,0,6,6,26,0.1088,26,5.53,1.52,zone4,60.02
1765035412.63,CAM_001,Av. Javier Prado,18,1,3,1,23,0.0408,23,4.99,0.42,zone1,60.10
1765035412.63,CAM_002,Av. Arequipa,45,1,6,2,54,0.0388,54,5.58,1.27,zone2,60.10
1765035412.63,CAM_003,Av. Salaverry,45,1,6,2,54,0.0388,54,5.58,1.27,zone3,60.10
1765035412.63,CAM_004,Av. Petit Thouars,45,1,6,2,54,0.0388,54,5.58,1.27,zone4,60.10
1765035459.41,CAM_001,Av. Javier Prado,10,0,0,2,12,0.0399,12,2.85,1.44,zone1,60.06
1765035459.41,CAM_002,Av. Arequipa,66,0,0,3,69,0.0347,69,3.02,4.51,zone2,60.06
1765035459.41,CAM_003,Av. Salaverry,66,0,0,3,69,0.0347,69,3.02,4.51,zone3,60.06
1765035459.41,CAM_004,Av. Petit Thouars,66,0,0,3,69,0.0347,69,3.02,4.51,zone4,60.06
1765035463.92,CAM_001,Av. Javier Prado,36,0,4,0,40,0.0936,40,6.08,3.70,zone1,60.07
1765035463.92,CAM_002,Av. Arequipa,74,0,2,0,76,0.0488,76,3.31,7.99,zone2,60.07
1765035463.92,CAM_003,Av. Salaverry,74,0,2,0,76,0.0488,76,3.31,7.99,zone3,60.07
1765035463.92,CAM_004,Av. Petit Thouars,74,0,2,0,76,0.0488,76,3.31,7.99,zone4,60.07
1765035468.69,CAM_001,Av. Javier Prado,4,0,1,2,7,0.2195,7,6.02,0.64,zone1,60.04
1765035468.69,CAM_002,Av. Arequipa,10,0,10,10,30,0.0753,30,6.01,1.12,zone2,60.04
1765035468.69,CAM_003,Av. Salaverry,10,0,10,10,30,0.0753,30,6.01,1.12,zone3,60.04
1765035468.69,CAM_004,Av. Petit Thouars,10,0,10,10,30,0.0753,30,6.01,1.12,zone4,60.04
1765035472.64,CAM_001,Av. Javier Prado,18,1,5,5,29,0.0395,29,10.53,0.71,zone1,60.00
1765035472.64,CAM_002,Av. Arequipa,55,3,14,5,77,0.0250,77,6.32,2.19,zone2,60.00
1765035472.64,CAM_003,Av. Salaverry,55,3,14,5,77,0.0250,77,6.32,2.19,zone3,60.00
1765035472.64,CAM_004,Av. Petit Thouars,55,3,14,5,77,0.0250,77,6.32,2.19,zone4,60.00
1765035519.49,CAM_001,Av. Javier Prado,43,0,0,0,43,0.1467,43,6.01,3.63,zone1,60.08
1765035519.49,CAM_002,Av. Arequipa,100,0,0,0,100,0.0987,100,4.13,8.40,zone2,60.08
1765035519.49,CAM_003,Av. Salaverry,100,0,0,0,100,0.0987,100,4.13,8.40,zone3,60.08
1765035519.49,CAM_004,Av. Petit Thouars,100,0,0,0,100,0.0987,100,4.13,8.40,zone4,60.08
1765035523.93,CAM_001,Av. Javier Prado,27,0,2,0,29,0.0913,29,7.24,2.48,zone1,60.00
1765035523.93,CAM_002,Av. Arequipa,58,0,2,0,60,0.0434,60,2.50,8.34,zone2,60.00
1765035523.93,CAM_003,Av. Salaverry,58,0,2,0,60,0.0434,60,2.50,8.34,zone3,60.00
1765035523.93,CAM_004,Av. Petit Thouars,58,0,2,0,60,0.0434,60,2.50,8.34,zone4,60.00
1765035528.73,CAM_001,Av. Javier Prado,4,1,0,1,6,0.3529,6,2.75,0.93,zone1,60.04
1765035528.73,CAM_002,Av. Arequipa,4,0,4,2,10,0.1096,10,1.56,1.43,zone2,60.04
1765035528.73,CAM_003,Av. Salaverry,4,0,4,2,10,0.1096,10,1.56,1.43,zone3,60.04
1765035528.73,CAM_004,Av. Petit Thouars,4,0,4,2,10,0.1096,10,1.56,1.43,zone4,60.04
1765035532.68,CAM_001,Av. Javier Prado,14,3,6,3,26,0.0366,26,9.02,0.61,zone1,60.05
1765035532.68,CAM_002,Av. Arequipa,39,5,13,3,60,0.0428,60,8.91,1.88,zone2,60.05
1765035532.68,CAM_003,Av. Salaverry,39,5,13,3,60,0.0428,60,8.91,1.88,zone3,60.05
1765035532.68,CAM_004,Av. Petit Thouars,39,5,13,3,60,0.0428,60,8.91,1.88,zone4,60.05
1765035579.51,CAM_001,Av. Javier Prado,18,0,0,1,19,0.0189,19,4.86,0.94,zone1,60.02
1765035579.51,CAM_002,Av. Arequipa,73,0,2,1,76,0.0520,76,1.80,6.65,zone2,60.02
1765035579.51,CAM_003,Av. Salaverry,73,0,2,1,76,0.0520,76,1.80,6.65,zone3,60.02
1765035579.51,CAM_004,Av. Petit Thouars,73,0,2,1,76,0.0520,76,1.80,6.65,zone4,60.02
1765035584.02,CAM_001,Av. Javier Prado,29,0,4,0,33,0.0960,33,5.04,2.58,zone1,60.09
1765035584.02,CAM_002,Av. Arequipa,57,3,5,0,65,0.0421,65,2.80,6.05,zone2,60.09
1765035584.02,CAM_003,Av. Salaverry,57,3,5,0,65,0.0421,65,2.80,6.05,zone3,60.09
1765035584.02,CAM_004,Av. Petit Thouars,57,3,5,0,65,0.0421,65,2.80,6.05,zone4,60.09
1765035588.75,CAM_001,Av. Javier Prado,5,0,0,3,8,0.3008,8,5.96,0.83,zone1,60.02
1765035588.75,CAM_002,Av. Arequipa,9,0,5,8,22,0.0639,22,7.55,0.90,zone2,60.02
1765035588.75,CAM_003,Av. Salaverry,9,0,5,8,22,0.0639,22,7.55,0.90,zone3,60.02
1765035588.75,CAM_004,Av. Petit Thouars,9,0,5,8,22,0.0639,22,7.55,0.90,zone4,60.02
1765035592.72,CAM_001,Av. Javier Prado,23,0,3,4,30,0.0325,30,15.57,0.59,zone1,60.03
1765035592.72,CAM_002,Av. Arequipa,36,6,5,6,53,0.0206,53,9.57,1.21,zone2,60.03
1765035592.72,CAM_003,Av. Salaverry,36,6,5,6,53,0.0206,53,9.57,1.21,zone3,60.03
1765035592.72,CAM_004,Av. Petit Thouars,36,6,5,6,53,0.0206,53,9.57,1.21,zone4,60.03
1765035639.66,CAM_001,Av. Javier Prado,41,0,1,1,43,0.1417,43,5.97,4.42,zone1,60.15
1765035639.66,CAM_002,Av. Arequipa,108,0,1,1,110,0.1131,110,4.51,10.07,zone2,60.15
1765035639.66,CAM_003,Av. Salaverry,108,0,1,1,110,0.1131,110,4.51,10.07,zone3,60.15
1765035639.66,CAM_004,Av. Petit Thouars,108,0,1,1,110,0.1131,110,4.51,10.07,zone4,60.15
1765035644.11,CAM_001,Av. Javier Prado,30,0,8,0,38,0.0911,38,4.38,3.52,zone1,60.09
1765035644.11,CAM_002,Av. Arequipa,71,0,8,0,79,0.0600,79,2.60,7.87,zone2,60.09
1765035644.11,CAM_003,Av. Salaverry,71,0,8,0,79,0.0600,79,2.60,7.87,zone3,60.09
1765035644.11,CAM_004,Av. Petit Thouars,71,0,8,0,79,0.0600,79,2.60,7.87,zone4,60.09
1765035648.80,CAM_001,Av. Javier Prado,1,1,0,0,2,0.3485,2,0.39,0.86,zone1,60.06
1765035648.80,CAM_002,Av. Arequipa,3,0,3,2,8,0.0830,8,0.69,0.96,zone2,60.06
1765035648.80,CAM_003,Av. Salaverry,3,0,3,2,8,0.0830,8,0.69,0.96,zone3,60.06
1765035648.80,CAM_004,Av. Petit Thouars,3,0,3,2,8,0.0830,8,0.69,0.96,zone4,60.06
1765035652.78,CAM_001,Av. Javier Prado,17,4,3,0,24,0.0658,24,10.57,0.70,zone1,60.07
1765035652.78,CAM_002,Av. Arequipa,32,4,7,0,43,0.0246,43,8.62,1.54,zone2,60.07
1765035652.78,CAM_003,Av. Salaverry,32,4,7,0,43,0.0246,43,8.62,1.54,zone3,60.07
1765035652.78,CAM_004,Av. Petit Thouars,32,4,7,0,43,0.0246,43,8.62,1.54,zone4,60.07
1765035699.77,CAM_001,Av. Javier Prado,30,0,1,12,43,0.1017,43,2.00,3.77,zone1,60.11
1765035699.77,CAM_002,Av. Arequipa,83,0,1,12,96,0.0837,96,1.67,7.06,zone2,60.11
1765035699.77,CAM_003,Av. Salaverry,83,0,1,12,96,0.0837,96,1.67,7.06,zone3,60.11
1765035699.77,CAM_004,Av. Petit Thouars,83,0,1,12,96,0.0837,96,1.67,7.06,zone4,60.11
1765035704.15,CAM_001,Av. Javier Prado,29,0,4,0,33,0.0864,33,7.23,2.89,zone1,60.04
1765035704.15,CAM_002,Av. Arequipa,60,0,5,0,65,0.0441,65,3.55,7.69,zone2,60.04
1765035704.15,CAM_003,Av. Salaverry,60,0,5,0,65,0.0441,65,3.55,7.69,zone3,60.04
1765035704.15,CAM_004,Av. Petit Thouars,60,0,5,0,65,0.0441,65,3.55,7.69,zone4,60.04
1765035708.84,CAM_001,Av. Javier Prado,3,0,0,0,3,0.3618,3,6.64,0.96,zone1,60.04
1765035708.84,CAM_002,Av. Arequipa,2,0,3,1,6,0.0990,6,2.80,1.35,zone2,60.04
1765035708.84,CAM_003,Av. Salaverry,2,0,3,1,6,0.0990,6,2.80,1.35,zone3,60.04
1765035708.84,CAM_004,Av. Petit Thouars,2,0,3,1,6,0.0990,6,2.80,1.35,zone4,60.04
1765035712.81,CAM_001,Av. Javier Prado,34,1,10,1,46,0.0972,46,9.06,1.26,zone1,60.03
1765035712.81,CAM_002,Av. Arequipa,46,5,9,3,63,0.0532,63,7.37,2.19,zone2,60.03
1765035712.81,CAM_003,Av. Salaverry,46,5,9,3,63,0.0532,63,7.37,2.19,zone3,60.03
1765035712.81,CAM_004,Av. Petit Thouars,46,5,9,3,63,0.0532,63,7.37,2.19,zone4,60.03
1765035759.81,CAM_001,Av. Javier Prado,36,0,0,0,36,0.0911,36,5.56,2.97,zone1,60.04
1765035759.81,CAM_002,Av. Arequipa,117,0,0,0,117,0.0873,117,3.68,8.94,zone2,60.04
1765035759.81,CAM_003,Av. Salaverry,117,0,0,0,117,0.0873,117,3.68,8.94,zone3,60.04
1765035759.81,CAM_004,Av. Petit Thouars,117,0,0,0,117,0.0873,117,3.68,8.94,zone4,60.04
1765035764.21,CAM_001,Av. Javier Prado,27,0,5,0,32,0.1093,32,5.35,3.19,zone1,60.06
1765035764.21,CAM_002,Av. Arequipa,58,0,5,0,63,0.0602,63,2.53,8.36,zone2,60.06
1765035764.21,CAM_003,Av. Salaverry,58,0,5,0,63,0.0602,63,2.53,8.36,zone3,60.06
1765035764.21,CAM_004,Av. Petit Thouars,58,0,5,0,63,0.0602,63,2.53,8.36,zone4,60.06
1765035768.91,CAM_001,Av. Javier Prado,2,0,1,3,6,0.3014,6,10.72,0.79,zone1,60.07
1765035768.91,CAM_002,Av. Arequipa,4,0,4,8,16,0.0991,16,4.85,1.30,zone2,60.07
1765035768.91,CAM_003,Av. Salaverry,4,0,4,8,16,0.0991,16,4.85,1.30,zone3,60.07
1765035768.91,CAM_004,Av. Petit Thouars,4,0,4,8,16,0.0991,16,4.85,1.30,zone4,60.07
1765035772.91,CAM_001,Av. Javier Prado,28,3,4,0,35,0.0792,35,15.18,0.80,zone1,60.10
1765035772.91,CAM_002,Av. Arequipa,40,5,8,2,55,0.0358,55,8.94,1.60,zone2,60.10
1765035772.91,CAM_003,Av. Salaverry,40,5,8,2,55,0.0358,55,8.94,1.60,zone3,60.10
1765035772.91,CAM_004,Av. Petit Thouars,40,5,8,2,55,0.0358,55,8.94,1.60,zone4,60.10
1765035819.93,CAM_001,Av. Javier Prado,28,0,0,1,29,0.0355,29,7.02,1.15,zone1,60.12
1765035819.93,CAM_002,Av. Arequipa,73,1,0,1,75,0.0393,75,3.34,4.52,zone2,60.12
1765035819.93,CAM_003,Av. Salaverry,73,1,0,1,75,0.0393,75,3.34,4.52,zone3,60.12
1765035819.93,CAM_004,Av. Petit Thouars,73,1,0,1,75,0.0393,75,3.34,4.52,zone4,60.12
1765035824.26,CAM_001,Av. Javier Prado,37,0,4,0,41,0.1064,41,5.46,3.51,zone1,60.05
1765035824.26,CAM_002,Av. Arequipa,71,0,5,0,76,0.0549,76,2.63,7.99,zone2,60.05
1765035824.26,CAM_003,Av. Salaverry,71,0,5,0,76,0.0549,76,2.63,7.99,zone3,60.05
1765035824.26,CAM_004,Av. Petit Thouars,71,0,5,0,76,0.0549,76,2.63,7.99,zone4,60.05
1765035828.99,CAM_001,Av. Javier Prado,2,0,0,4,6,0.4061,6,15.84,1.09,zone1,60.08
1765035828.99,CAM_002,Av. Arequipa,1,0,6,13,20,0.1059,20,5.68,1.40,zone2,60.08
1765035828.99,CAM_003,Av. Salaverry,1,0,6,13,20,0.1059,20,5.68,1.40,zone3,60.08
1765035828.99,CAM_004,Av. Petit Thouars,1,0,6,13,20,0.1059,20,5.68,1.40,zone4,60.08
1765035833.00,CAM_001,Av. Javier Prado,21,2,12,0,35,0.0607,35,10.74,1.08,zone1,60.09
1765035833.00,CAM_002,Av. Arequipa,44,3,20,2,69,0.0539,69,8.49,2.81,zone2,60.09
1765035833.00,CAM_003,Av. Salaverry,44,3,20,2,69,0.0539,69,8.49,2.81,zone3,60.09
1765035833.00,CAM_004,Av. Petit Thouars,44,3,20,2,69,0.0539,69,8.49,2.81,zone4,60.09
1765035879.98,CAM_001,Av. Javier Prado,40,0,0,1,41,0.0941,41,5.38,2.76,zone1,60.05
1765035879.98,CAM_002,Av. Arequipa,119,0,1,1,121,0.0826,121,3.29,8.49,zone2,60.05
1765035879.98,CAM_003,Av. Salaverry,119,0,1,1,121,0.0826,121,3.29,8.49,zone3,60.05
1765035879.98,CAM_004,Av. Petit Thouars,119,0,1,1,121,0.0826,121,3.29,8.49,zone4,60.05
1765035884.40,CAM_001,Av. Javier Prado,21,0,5,0,26,0.0571,26,6.66,2.32,zone1,60.14
1765035884.40,CAM_002,Av. Arequipa,67,0,2,0,69,0.0357,69,2.65,6.89,zone2,60.14
1765035884.40,CAM_003,Av. Salaverry,67,0,2,0,69,0.0357,69,2.65,6.89,zone3,60.14
1765035884.40,CAM_004,Av. Petit Thouars,67,0,2,0,69,0.0357,69,2.65,6.89,zone4,60.14
1765035889.04,CAM_001,Av. Javier Prado,2,0,1,1,4,0.3481,4,1.57,0.87,zone1,60.04
1765035889.04,CAM_002,Av. Arequipa,2,0,6,3,11,0.1039,11,1.11,1.15,zone2,60.04
1765035889.04,CAM_003,Av. Salaverry,2,0,6,3,11,0.1039,11,1.11,1.15,zone3,60.04
1765035889.04,CAM_004,Av. Petit Thouars,2,0,6,3,11,0.1039,11,1.11,1.15,zone4,60.04
1765035893.08,CAM_001,Av. Javier Prado,40,4,4,0,48,0.1719,48,12.72,1.56,zone1,60.08
1765035893.08,CAM_002,Av. Arequipa,60,1,4,3,68,0.0515,68,9.19,1.91,zone2,60.08
1765035893.08,CAM_003,Av. Salaverry,60,1,4,3,68,0.0515,68,9.19,1.91,zone3,60.08
1765035893.08,CAM_004,Av. Petit Thouars,60,1,4,3,68,0.0515,68,9.19,1.91,zone4,60.08
1765035940.06,CAM_001,Av. Javier Prado,43,0,0,0,43,0.0590,43,8.10,2.03,zone1,60.08
1765035940.06,CAM_002,Av. Arequipa,100,1,3,0,104,0.0555,104,4.23,6.25,zone2,60.08
1765035940.06,CAM_003,Av. Salaverry,100,1,3,0,104,0.0555,104,4.23,6.25,zone3,60.08
1765035940.06,CAM_004,Av. Petit Thouars,100,1,3,0,104,0.0555,104,4.23,6.25,zone4,60.08
1765035944.42,CAM_001,Av. Javier Prado,28,0,1,0,29,0.0487,29,7.77,2.04,zone1,60.02
1765035944.42,CAM_002,Av. Arequipa,65,0,1,0,66,0.0524,66,3.03,7.02,zone2,60.02
1765035944.42,CAM_003,Av. Salaverry,65,0,1,0,66,0.0524,66,3.03,7.02,zone3,60.02
1765035944.42,CAM_004,Av. Petit Thouars,65,0,1,0,66,0.0524,66,3.03,7.02,zone4,60.02
1765035949.10,CAM_001,Av. Javier Prado,9,0,0,1,10,0.3495,10,7.81,1.00,zone1,60.06
1765035949.10,CAM_002,Av. Arequipa,19,0,6,3,28,0.1070,28,6.42,1.39,zone2,60.06
1765035949.10,CAM_003,Av. Salaverry,19,0,6,3,28,0.1070,28,6.42,1.39,zone3,60.06
1765035949.10,CAM_004,Av. Petit Thouars,19,0,6,3,28,0.1070,28,6.42,1.39,zone4,60.06
1765035953.12,CAM_001,Av. Javier Prado,16,2,1,1,20,0.0270,20,19.32,0.38,zone1,60.04
1765035953.12,CAM_002,Av. Arequipa,36,8,11,3,58,0.0463,58,12.19,1.84,zone2,60.04
1765035953.12,CAM_003,Av. Salaverry,36,8,11,3,58,0.0463,58,12.19,1.84,zone3,60.04
1765035953.12,CAM_004,Av. Petit Thouars,36,8,11,3,58,0.0463,58,12.19,1.84,zone4,60.04
1765036000.11,CAM_001,Av. Javier Prado,29,0,0,1,30,0.0929,30,3.68,3.11,zone1,60.05
1765036000.11,CAM_002,Av. Arequipa,105,0,0,3,108,0.1033,108,2.51,10.83,zone2,60.05
1765036000.11,CAM_003,Av. Salaverry,105,0,0,3,108,0.1033,108,2.51,10.83,zone3,60.05
1765036000.11,CAM_004,Av. Petit Thouars,105,0,0,3,108,0.1033,108,2.51,10.83,zone4,60.05
1765036004.52,CAM_001,Av. Javier Prado,32,0,2,0,34,0.0906,34,6.86,3.29,zone1,60.09
1765036004.52,CAM_002,Av. Arequipa,63,0,2,0,65,0.0626,65,2.78,8.66,zone2,60.09
1765036004.52,CAM_003,Av. Salaverry,63,0,2,0,65,0.0626,65,2.78,8.66,zone3,60.09
1765036004.52,CAM_004,Av. Petit Thouars,63,0,2,0,65,0.0626,65,2.78,8.66,zone4,60.09
1765036009.18,CAM_001,Av. Javier Prado,2,2,0,0,4,0.3165,4,2.62,0.82,zone1,60.08
1765036009.18,CAM_002,Av. Arequipa,4,0,7,5,16,0.0904,16,1.53,1.23,zone2,60.08
1765036009.18,CAM_003,Av. Salaverry,4,0,7,5,16,0.0904,16,1.53,1.23,zone3,60.08
1765036009.18,CAM_004,Av. Petit Thouars,4,0,7,5,16,0.0904,16,1.53,1.23,zone4,60.08
1765036013.12,CAM_001,Av. Javier Prado,12,0,2,1,15,0.0098,15,7.68,0.22,zone1,60.00
1765036013.12,CAM_002,Av. Arequipa,37,3,11,3,54,0.0211,54,4.49,1.41,zone2,60.00
1765036013.12,CAM_003,Av. Salaverry,37,3,11,3,54,0.0211,54,4.49,1.41,zone3,60.00
1765036013.12,CAM_004,Av. Petit Thouars,37,3,11,3,54,0.0211,54,4.49,1.41,zone4,60.00
1765036060.18,CAM_001,Av. Javier Prado,46,0,0,2,48,0.1313,48,8.55,3.44,zone1,60.07
1765036060.18,CAM_002,Av. Arequipa,89,3,0,2,94,0.1067,94,5.05,8.92,zone2,60.07
1765036060.18,CAM_003,Av. Salaverry,89,3,0,2,94,0.1067,94,5.05,8.92,zone3,60.07
1765036060.18,CAM_004,Av. Petit Thouars,89,3,0,2,94,0.1067,94,5.05,8.92,zone4,60.07
1765036064.58,CAM_001,Av. Javier Prado,32,0,2,0,34,0.0712,34,6.11,2.70,zone1,60.06
1765036064.58,CAM_002,Av. Arequipa,70,0,5,0,75,0.0604,75,2.47,7.87,zone2,60.06
1765036064.58,CAM_003,Av. Salaverry,70,0,5,0,75,0.0604,75,2.47,7.87,zone3,60.06
1765036064.58,CAM_004,Av. Petit Thouars,70,0,5,0,75,0.0604,75,2.47,7.87,zone4,60.06
1765036069.19,CAM_001,Av. Javier Prado,1,0,0,1,2,0.2987,2,5.42,0.76,zone1,60.01
1765036069.19,CAM_002,Av. Arequipa,0,0,5,2,7,0.0651,7,2.85,0.91,zone2,60.01
1765036069.19,CAM_003,Av. Salaverry,0,0,5,2,7,0.0651,7,2.85,0.91,zone3,60.01
1765036069.19,CAM_004,Av. Petit Thouars,0,0,5,2,7,0.0651,7,2.85,0.91,zone4,60.01
1765036073.19,CAM_001,Av. Javier Prado,21,1,7,0,29,0.0612,29,13.74,0.78,zone1,60.07
1765036073.19,CAM_002,Av. Arequipa,42,3,6,7,58,0.0280,58,9.09,1.62,zone2,60.07
1765036073.19,CAM_003,Av. Salaverry,42,3,6,7,58,0.0280,58,9.09,1.62,zone3,60.07
1765036073.19,CAM_004,Av. Petit Thouars,42,3,6,7,58,0.0280,58,9.09,1.62,zone4,60.07
1765036120.22,CAM_001,Av. Javier Prado,20,0,0,1,21,0.0435,21,4.04,1.74,zone1,60.04
1765036120.22,CAM_002,Av. Arequipa,80,1,0,1,82,0.0385,82,2.65,5.41,zone2,60.04
1765036120.22,CAM_003,Av. Salaverry,80,1,0,1,82,0.0385,82,2.65,5.41,zone3,60.04
1765036120.22,CAM_004,Av. Petit Thouars,80,1,0,1,82,0.0385,82,2.65,5.41,zone4,60.04
1765036124.63,CAM_001,Av. Javier Prado,24,0,1,0,25,0.0404,25,10.95,1.58,zone1,60.05
1765036124.63,CAM_002,Av. Arequipa,75,0,0,0,75,0.0338,75,3.10,5.51,zone2,60.05
1765036124.63,CAM_003,Av. Salaverry,75,0,0,0,75,0.0338,75,3.10,5.51,zone3,60.05
1765036124.63,CAM_004,Av. Petit Thouars,75,0,0,0,75,0.0338,75,3.10,5.51,zone4,60.05
1765036129.27,CAM_001,Av. Javier Prado,3,1,1,8,13,0.3775,13,11.58,1.08,zone1,60.08
1765036129.27,CAM_002,Av. Arequipa,5,1,10,9,25,0.1239,25,5.49,1.56,zone2,60.08
1765036129.27,CAM_003,Av. Salaverry,5,1,10,9,25,0.1239,25,5.49,1.56,zone3,60.08
1765036129.27,CAM_004,Av. Petit Thouars,5,1,10,9,25,0.1239,25,5.49,1.56,zone4,60.08
1765036133.24,CAM_001,Av. Javier Prado,13,1,2,0,16,0.0132,16,11.44,0.28,zone1,60.05
1765036133.24,CAM_002,Av. Arequipa,32,1,7,5,45,0.0134,45,10.38,0.94,zone2,60.05
1765036133.24,CAM_003,Av. Salaverry,32,1,7,5,45,0.0134,45,10.38,0.94,zone3,60.05
1765036133.24,CAM_004,Av. Petit Thouars,32,1,7,5,45,0.0134,45,10.38,0.94,zone4,60.05
1765036180.29,CAM_001,Av. Javier Prado,53,0,0,0,53,0.1047,53,6.29,3.19,zone1,60.07
1765036180.29,CAM_002,Av. Arequipa,109,0,0,0,109,0.0858,109,4.17,8.13,zone2,60.07
1765036180.29,CAM_003,Av. Salaverry,109,0,0,0,109,0.0858,109,4.17,8.13,zone3,60.07
1765036180.29,CAM_004,Av. Petit Thouars,109,0,0,0,109,0.0858,109,4.17,8.13,zone4,60.07
1765036184.70,CAM_001,Av. Javier Prado,35,0,4,0,39,0.0991,39,6.24,4.00,zone1,60.07
1765036184.70,CAM_002,Av. Arequipa,70,0,2,0,72,0.0697,72,3.61,8.45,zone2,60.07
1765036184.70,CAM_003,Av. Salaverry,70,0,2,0,72,0.0697,72,3.61,8.45,zone3,60.07
1765036184.70,CAM_004,Av. Petit Thouars,70,0,2,0,72,0.0697,72,3.61,8.45,zone4,60.07
1765036189.35,CAM_001,Av. Javier Prado,4,2,0,1,7,0.3701,7,15.47,1.04,zone1,60.09
1765036189.35,CAM_002,Av. Arequipa,7,2,4,2,15,0.0821,15,7.59,1.04,zone2,60.09
1765036189.35,CAM_003,Av. Salaverry,7,2,4,2,15,0.0821,15,7.59,1.04,zone3,60.09
1765036189.35,CAM_004,Av. Petit Thouars,7,2,4,2,15,0.0821,15,7.59,1.04,zone4,60.09
1765036193.25,CAM_001,Av. Javier Prado,13,3,5,1,22,0.0487,22,13.54,0.56,zone1,60.00
1765036193.25,CAM_002,Av. Arequipa,31,3,4,4,42,0.0328,42,6.93,1.80,zone2,60.00
1765036193.25,CAM_003,Av. Salaverry,31,3,4,4,42,0.0328,42,6.93,1.80,zone3,60.00
1765036193.25,CAM_004,Av. Petit Thouars,31,3,4,4,42,0.0328,42,6.93,1.80,zone4,60.00
1765036240.34,CAM_001,Av. Javier Prado,9,0,0,1,10,0.0197,10,3.99,0.86,zone1,60.05
1765036240.34,CAM_002,Av. Arequipa,51,2,1,3,57,0.0215,57,2.55,3.48,zone2,60.05
1765036240.34,CAM_003,Av. Salaverry,51,2,1,3,57,0.0215,57,2.55,3.48,zone3,60.05
1765036240.34,CAM_004,Av. Petit Thouars,51,2,1,3,57,0.0215,57,2.55,3.48,zone4,60.05
1765036244.70,CAM_001,Av. Javier Prado,38,0,6,0,44,0.0848,44,6.31,3.41,zone1,60.00
1765036244.70,CAM_002,Av. Arequipa,62,0,4,0,66,0.0489,66,3.41,7.14,zone2,60.00
1765036244.70,CAM_003,Av. Salaverry,62,0,4,0,66,0.0489,66,3.41,7.14,zone3,60.00
1765036244.70,CAM_004,Av. Petit Thouars,62,0,4,0,66,0.0489,66,3.41,7.14,zone4,60.00
1765036249.42,CAM_001,Av. Javier Prado,5,0,0,6,11,0.4105,11,14.04,1.20,zone1,60.06
1765036249.42,CAM_002,Av. Arequipa,9,0,8,11,28,0.0973,28,8.24,1.30,zone2,60.06
1765036249.42,CAM_003,Av. Salaverry,9,0,8,11,28,0.0973,28,8.24,1.30,zone3,60.06
1765036249.42,CAM_004,Av. Petit Thouars,9,0,8,11,28,0.0973,28,8.24,1.30,zone4,60.06
1765036253.34,CAM_001,Av. Javier Prado,14,2,7,4,27,0.1045,27,17.08,0.63,zone1,60.10
1765036253.34,CAM_002,Av. Arequipa,28,2,10,6,46,0.0416,46,13.41,1.17,zone2,60.10
1765036253.34,CAM_003,Av. Salaverry,28,2,10,6,46,0.0416,46,13.41,1.17,zone3,60.10
1765036253.34,CAM_004,Av. Petit Thouars,28,2,10,6,46,0.0416,46,13.41,1.17,zone4,60.10
1765036300.48,CAM_001,Av. Javier Prado,39,0,1,0,40,0.1239,40,8.35,3.23,zone1,60.14
1765036300.48,CAM_002,Av. Arequipa,102,1,1,0,104,0.0999,104,5.51,9.05,zone2,60.14
1765036300.48,CAM_003,Av. Salaverry,102,1,1,0,104,0.0999,104,5.51,9.05,zone3,60.14
1765036300.48,CAM_004,Av. Petit Thouars,102,1,1,0,104,0.0999,104,5.51,9.05,zone4,60.14
1765036304.83,CAM_001,Av. Javier Prado,29,0,1,0,30,0.1019,30,4.00,3.76,zone1,60.13
1765036304.83,CAM_002,Av. Arequipa,58,0,1,0,59,0.0466,59,2.80,6.94,zone2,60.13
1765036304.83,CAM_003,Av. Salaverry,58,0,1,0,59,0.0466,59,2.80,6.94,zone3,60.13
1765036304.83,CAM_004,Av. Petit Thouars,58,0,1,0,59,0.0466,59,2.80,6.94,zone4,60.13
1765036309.53,CAM_001,Av. Javier Prado,1,0,0,0,1,0.4038,1,0.00,1.00,zone1,60.11
1765036309.53,CAM_002,Av. Arequipa,3,0,3,1,7,0.0678,7,2.26,0.68,zone2,60.11
1765036309.53,CAM_003,Av. Salaverry,3,0,3,1,7,0.0678,7,2.26,0.68,zone3,60.11
1765036309.53,CAM_004,Av. Petit Thouars,3,0,3,1,7,0.0678,7,2.26,0.68,zone4,60.11
1765036313.36,CAM_001,Av. Javier Prado,9,0,2,3,14,0.0165,14,20.37,0.31,zone1,60.02
1765036313.36,CAM_002,Av. Arequipa,35,2,5,4,46,0.0221,46,10.17,1.20,zone2,60.02
1765036313.36,CAM_003,Av. Salaverry,35,2,5,4,46,0.0221,46,10.17,1.20,zone3,60.02
1765036313.36,CAM_004,Av. Petit Thouars,35,2,5,4,46,0.0221,46,10.17,1.20,zone4,60.02
1765036360.50,CAM_001,Av. Javier Prado,12,0,0,2,14,0.0171,14,9.61,0.54,zone1,60.03
1765036360.50,CAM_002,Av. Arequipa,59,1,4,4,68,0.0463,68,1.78,6.16,zone2,60.03
1765036360.50,CAM_003,Av. Salaverry,59,1,4,4,68,0.0463,68,1.78,6.16,zone3,60.03
1765036360.50,CAM_004,Av. Petit Thouars,59,1,4,4,68,0.0463,68,1.78,6.16,zone4,60.03
1765036364.93,CAM_001,Av. Javier Prado,27,0,0,0,27,0.0571,27,7.18,2.13,zone1,60.10
1765036364.93,CAM_002,Av. Arequipa,64,0,0,0,64,0.0371,64,3.83,5.52,zone2,60.10
1765036364.93,CAM_003,Av. Salaverry,64,0,0,0,64,0.0371,64,3.83,5.52,zone3,60.10
1765036364.93,CAM_004,Av. Petit Thouars,64,0,0,0,64,0.0371,64,3.83,5.52,zone4,60.10
1765036369.60,CAM_001,Av. Javier Prado,2,0,0,3,5,0.3771,5,11.49,1.00,zone1,60.07
1765036369.60,CAM_002,Av. Arequipa,3,0,5,9,17,0.0737,17,5.37,1.19,zone2,60.07
1765036369.60,CAM_003,Av. Salaverry,3,0,5,9,17,0.0737,17,5.37,1.19,zone3,60.07
1765036369.60,CAM_004,Av. Petit Thouars,3,0,5,9,17,0.0737,17,5.37,1.19,zone4,60.07
1765036373.48,CAM_001,Av. Javier Prado,25,2,7,0,34,0.0915,34,19.18,0.87,zone1,60.12
1765036373.48,CAM_002,Av. Arequipa,39,7,13,0,59,0.0411,59,15.81,1.24,zone2,60.12
1765036373.48,CAM_003,Av. Salaverry,39,7,13,0,59,0.0411,59,15.81,1.24,zone3,60.12
1765036373.48,CAM_004,Av. Petit Thouars,39,7,13,0,59,0.0411,59,15.81,1.24,zone4,60.12
1765036420.61,CAM_001,Av. Javier Prado,31,0,1,0,32,0.1027,32,5.34,2.89,zone1,60.11
1765036420.61,CAM_002,Av. Arequipa,102,1,6,0,109,0.1021,109,3.40,9.85,zone2,60.11
1765036420.61,CAM_003,Av. Salaverry,102,1,6,0,109,0.1021,109,3.40,9.85,zone3,60.11
1765036420.61,CAM_004,Av. Petit Thouars,102,1,6,0,109,0.1021,109,3.40,9.85,zone4,60.11
1765036425.03,CAM_001,Av. Javier Prado,41,0,7,0,48,0.0611,48,8.46,2.78,zone1,60.10
1765036425.03,CAM_002,Av. Arequipa,71,0,12,0,83,0.0448,83,4.80,6.21,zone2,60.10
1765036425.03,CAM_003,Av. Salaverry,71,0,12,0,83,0.0448,83,4.80,6.21,zone3,60.10
1765036425.03,CAM_004,Av. Petit Thouars,71,0,12,0,83,0.0448,83,4.80,6.21,zone4,60.10
1765036429.64,CAM_001,Av. Javier Prado,2,0,1,3,6,0.3437,6,3.79,0.92,zone1,60.04
1765036429.64,CAM_002,Av. Arequipa,2,0,8,6,16,0.0482,16,3.00,0.79,zone2,60.04
1765036429.64,CAM_003,Av. Salaverry,2,0,8,6,16,0.0482,16,3.00,0.79,zone3,60.04
1765036429.64,CAM_004,Av. Petit Thouars,2,0,8,6,16,0.0482,16,3.00,0.79,zone4,60.04
1765036433.51,CAM_001,Av. Javier Prado,11,0,4,0,15,0.0158,15,14.11,0.30,zone1,60.03
1765036433.51,CAM_002,Av. Arequipa,23,1,11,2,37,0.0311,37,12.39,1.26,zone2,60.03
1765036433.51,CAM_003,Av. Salaverry,23,1,11,2,37,0.0311,37,12.39,1.26,zone3,60.03
1765036433.51,CAM_004,Av. Petit Thouars,23,1,11,2,37,0.0311,37,12.39,1.26,zone4,60.03
1765036480.66,CAM_001,Av. Javier Prado,33,0,0,1,34,0.0486,34,10.64,1.29,zone1,60.05
1765036480.66,CAM_002,Av. Arequipa,83,0,0,1,84,0.0424,84,5.55,4.56,zone2,60.05
1765036480.66,CAM_003,Av. Salaverry,83,0,0,1,84,0.0424,84,5.55,4.56,zone3,60.05
1765036480.66,CAM_004,Av. Petit Thouars,83,0,0,1,84,0.0424,84,5.55,4.56,zone4,60.05
1765036485.10,CAM_001,Av. Javier Prado,16,0,2,0,18,0.0510,18,6.16,1.62,zone1,60.06
1765036485.10,CAM_002,Av. Arequipa,52,0,7,0,59,0.0265,59,3.18,4.75,zone2,60.06
1765036485.10,CAM_003,Av. Salaverry,52,0,7,0,59,0.0265,59,3.18,4.75,zone3,60.06
1765036485.10,CAM_004,Av. Petit Thouars,52,0,7,0,59,0.0265,59,3.18,4.75,zone4,60.06
1765036489.66,CAM_001,Av. Javier Prado,2,1,0,2,5,0.4134,5,11.62,1.11,zone1,60.03
1765036489.66,CAM_002,Av. Arequipa,4,0,8,8,20,0.0997,20,7.69,1.26,zone2,60.03
1765036489.66,CAM_003,Av. Salaverry,4,0,8,8,20,0.0997,20,7.69,1.26,zone3,60.03
1765036489.66,CAM_004,Av. Petit Thouars,4,0,8,8,20,0.0997,20,7.69,1.26,zone4,60.03
1765036493.55,CAM_001,Av. Javier Prado,39,0,2,0,41,0.0555,41,8.54,0.94,zone1,60.04
1765036493.55,CAM_002,Av. Arequipa,62,0,4,2,68,0.0305,68,5.55,1.58,zone2,60.04
1765036493.55,CAM_003,Av. Salaverry,62,0,4,2,68,0.0305,68,5.55,1.58,zone3,60.04
1765036493.55,CAM_004,Av. Petit Thouars,62,0,4,2,68,0.0305,68,5.55,1.58,zone4,60.04
1765036540.74,CAM_001,Av. Javier Prado,39,0,0,1,40,0.1189,40,5.42,4.12,zone1,60.08
1765036540.74,CAM_002,Av. Arequipa,118,0,1,1,120,0.0897,120,4.35,8.94,zone2,60.08
1765036540.74,CAM_003,Av. Salaverry,118,0,1,1,120,0.0897,120,4.35,8.94,zone3,60.08
1765036540.74,CAM_004,Av. Petit Thouars,118,0,1,1,120,0.0897,120,4.35,8.94,zone4,60.08
1765036545.12,CAM_001,Av. Javier Prado,32,2,8,0,42,0.0856,42,9.46,2.62,zone1,60.02
1765036545.12,CAM_002,Av. Arequipa,75,3,8,0,86,0.0503,86,4.66,6.12,zone2,60.02
1765036545.12,CAM_003,Av. Salaverry,75,3,8,0,86,0.0503,86,4.66,6.12,zone3,60.02
1765036545.12,CAM_004,Av. Petit Thouars,75,3,8,0,86,0.0503,86,4.66,6.12,zone4,60.02
1765036549.68,CAM_001,Av. Javier Prado,2,0,0,0,2,0.3924,2,3.34,1.01,zone1,60.02
1765036549.68,CAM_002,Av. Arequipa,7,0,9,3,19,0.0884,19,3.15,1.22,zone2,60.02
1765036549.68,CAM_003,Av. Salaverry,7,0,9,3,19,0.0884,19,3.15,1.22,zone3,60.02
1765036549.68,CAM_004,Av. Petit Thouars,7,0,9,3,19,0.0884,19,3.15,1.22,zone4,60.02
1765036553.61,CAM_001,Av. Javier Prado,18,3,13,1,35,0.1327,35,18.68,1.00,zone1,60.07
1765036553.61,CAM_002,Av. Arequipa,30,8,16,4,58,0.0573,58,14.75,1.45,zone2,60.07
1765036553.61,CAM_003,Av. Salaverry,30,8,16,4,58,0.0573,58,14.75,1.45,zone3,60.07
1765036553.61,CAM_004,Av. Petit Thouars,30,8,16,4,58,0.0573,58,14.75,1.45,zone4,60.07
1765036600.85,CAM_001,Av. Javier Prado,51,0,0,0,51,0.0738,51,9.92,2.01,zone1,60.11
1765036600.85,CAM_002,Av. Arequipa,97,2,2,0,101,0.0526,101,7.39,4.19,zone2,60.11
1765036600.85,CAM_003,Av. Salaverry,97,2,2,0,101,0.0526,101,7.39,4.19,zone3,60.11
1765036600.85,CAM_004,Av. Petit Thouars,97,2,2,0,101,0.0526,101,7.39,4.19,zone4,60.11
1765036605.16,CAM_001,Av. Javier Prado,33,0,5,0,38,0.0901,38,4.64,3.54,zone1,60.04
1765036605.16,CAM_002,Av. Arequipa,75,0,5,0,80,0.0579,80,2.90,7.89,zone2,60.04
1765036605.16,CAM_003,Av. Salaverry,75,0,5,0,80,0.0579,80,2.90,7.89,zone3,60.04
1765036605.16,CAM_004,Av. Petit Thouars,75,0,5,0,80,0.0579,80,2.90,7.89,zone4,60.04
1765036609.68,CAM_001,Av. Javier Prado,6,0,1,4,11,0.3345,11,9.83,1.02,zone1,60.00
1765036609.68,CAM_002,Av. Arequipa,14,0,8,9,31,0.0733,31,8.40,1.19,zone2,60.00
1765036609.68,CAM_003,Av. Salaverry,14,0,8,9,31,0.0733,31,8.40,1.19,zone3,60.00
1765036609.68,CAM_004,Av. Petit Thouars,14,0,8,9,31,0.0733,31,8.40,1.19,zone4,60.00
1765036613.69,CAM_001,Av. Javier Prado,23,0,2,0,25,0.0127,25,12.27,0.16,zone1,60.08
1765036613.69,CAM_002,Av. Arequipa,44,9,16,1,70,0.0345,70,5.23,1.76,zone2,60.08
1765036613.69,CAM_003,Av. Salaverry,44,9,16,1,70,0.0345,70,5.23,1.76,zone3,60.08
1765036613.69,CAM_004,Av. Petit Thouars,44,9,16,1,70,0.0345,70,5.23,1.76,zone4,60.08
1765036660.90,CAM_001,Av. Javier Prado,19,0,3,0,22,0.0621,22,7.52,1.33,zone1,60.05
1765036660.90,CAM_002,Av. Arequipa,74,1,6,1,82,0.0502,82,5.72,4.09,zone2,60.05
1765036660.90,CAM_003,Av. Salaverry,74,1,6,1,82,0.0502,82,5.72,4.09,zone3,60.05
1765036660.90,CAM_004,Av. Petit Thouars,74,1,6,1,82,0.0502,82,5.72,4.09,zone4,60.05
1765036665.21,CAM_001,Av. Javier Prado,35,1,8,0,44,0.0711,44,9.31,2.45,zone1,60.05
1765036665.21,CAM_002,Av. Arequipa,68,0,6,0,74,0.0597,74,3.24,7.36,zone2,60.05
1765036665.21,CAM_003,Av. Salaverry,68,0,6,0,74,0.0597,74,3.24,7.36,zone3,60.05
1765036665.21,CAM_004,Av. Petit Thouars,68,0,6,0,74,0.0597,74,3.24,7.36,zone4,60.05
1765036669.76,CAM_001,Av. Javier Prado,3,0,1,1,5,0.3577,5,5.45,0.95,zone1,60.07
1765036669.76,CAM_002,Av. Arequipa,6,0,7,3,16,0.0610,16,2.29,1.07,zone2,60.07
1765036669.76,CAM_003,Av. Salaverry,6,0,7,3,16,0.0610,16,2.29,1.07,zone3,60.07
1765036669.76,CAM_004,Av. Petit Thouars,6,0,7,3,16,0.0610,16,2.29,1.07,zone4,60.07
1765036673.70,CAM_001,Av. Javier Prado,25,6,9,12,52,0.0440,52,8.63,0.98,zone1,60.00
1765036673.70,CAM_002,Av. Arequipa,49,8,17,17,91,0.0285,91,7.76,1.95,zone2,60.00
1765036673.70,CAM_003,Av. Salaverry,49,8,17,17,91,0.0285,91,7.76,1.95,zone3,60.00
1765036673.70,CAM_004,Av. Petit Thouars,49,8,17,17,91,0.0285,91,7.76,1.95,zone4,60.00
1765036720.94,CAM_001,Av. Javier Prado,41,0,1,2,44,0.0873,44,8.90,2.33,zone1,60.05
1765036720.94,CAM_002,Av. Arequipa,76,3,2,2,83,0.0639,83,6.11,5.19,zone2,60.05
1765036720.94,CAM_003,Av. Salaverry,76,3,2,2,83,0.0639,83,6.11,5.19,zone3,60.05
1765036720.94,CAM_004,Av. Petit Thouars,76,3,2,2,83,0.0639,83,6.11,5.19,zone4,60.05
1765036725.23,CAM_001,Av. Javier Prado,40,0,3,0,43,0.0858,43,8.17,3.09,zone1,60.02
1765036725.23,CAM_002,Av. Arequipa,88,0,3,0,91,0.0513,91,3.78,8.54,zone2,60.02
1765036725.23,CAM_003,Av. Salaverry,88,0,3,0,91,0.0513,91,3.78,8.54,zone3,60.02
1765036725.23,CAM_004,Av. Petit Thouars,88,0,3,0,91,0.0513,91,3.78,8.54,zone4,60.02
1765036729.82,CAM_001,Av. Javier Prado,1,1,0,0,2,0.3301,2,0.38,0.82,zone1,60.06
1765036729.82,CAM_002,Av. Arequipa,4,0,6,2,12,0.0831,12,2.18,0.90,zone2,60.06
1765036729.82,CAM_003,Av. Salaverry,4,0,6,2,12,0.0831,12,2.18,0.90,zone3,60.06
1765036729.82,CAM_004,Av. Petit Thouars,4,0,6,2,12,0.0831,12,2.18,0.90,zone4,60.06
1765036733.79,CAM_001,Av. Javier Prado,12,4,2,0,18,0.0391,18,5.18,0.72,zone1,60.09
1765036733.79,CAM_002,Av. Arequipa,28,4,10,2,44,0.0296,44,6.22,1.45,zone2,60.09
1765036733.79,CAM_003,Av. Salaverry,28,4,10,2,44,0.0296,44,6.22,1.45,zone3,60.09
1765036733.79,CAM_004,Av. Petit Thouars,28,4,10,2,44,0.0296,44,6.22,1.45,zone4,60.09
1765036780.99,CAM_001,Av. Javier Prado,14,0,0,0,14,0.0209,14,3.62,0.73,zone1,60.04
1765036780.99,CAM_002,Av. Arequipa,60,3,0,0,63,0.0230,63,3.38,3.20,zone2,60.04
1765036780.99,CAM_003,Av. Salaverry,60,3,0,0,63,0.0230,63,3.38,3.20,zone3,60.04
1765036780.99,CAM_004,Av. Petit Thouars,60,3,0,0,63,0.0230,63,3.38,3.20,zone4,60.04
1765036785.31,CAM_001,Av. Javier Prado,32,0,2,0,34,0.0823,34,6.29,2.82,zone1,60.08
1765036785.31,CAM_002,Av. Arequipa,71,0,2,0,73,0.0422,73,2.87,7.41,zone2,60.08
1765036785.31,CAM_003,Av. Salaverry,71,0,2,0,73,0.0422,73,2.87,7.41,zone3,60.08
1765036785.31,CAM_004,Av. Petit Thouars,71,0,2,0,73,0.0422,73,2.87,7.41,zone4,60.08
1765036789.84,CAM_001,Av. Javier Prado,3,0,0,0,3,0.2936,3,5.03,0.73,zone1,60.01
1765036789.84,CAM_002,Av. Arequipa,10,0,8,2,20,0.1070,20,3.66,1.28,zone2,60.01
1765036789.84,CAM_003,Av. Salaverry,10,0,8,2,20,0.1070,20,3.66,1.28,zone3,60.01
1765036789.84,CAM_004,Av. Petit Thouars,10,0,8,2,20,0.1070,20,3.66,1.28,zone4,60.01
1765036793.86,CAM_001,Av. Javier Prado,23,2,5,3,33,0.0504,33,14.26,0.58,zone1,60.08
1765036793.86,CAM_002,Av. Arequipa,42,6,9,6,63,0.0264,63,7.38,1.50,zone2,60.08
1765036793.86,CAM_003,Av. Salaverry,42,6,9,6,63,0.0264,63,7.38,1.50,zone3,60.08
1765036793.86,CAM_004,Av. Petit Thouars,42,6,9,6,63,0.0264,63,7.38,1.50,zone4,60.08
1765036841.03,CAM_001,Av. Javier Prado,40,0,2,0,42,0.1396,42,9.45,2.57,zone1,60.04
1765036841.03,CAM_002,Av. Arequipa,94,4,5,0,103,0.0901,103,6.07,6.24,zone2,60.04
1765036841.03,CAM_003,Av. Salaverry,94,4,5,0,103,0.0901,103,6.07,6.24,zone3,60.04
1765036841.03,CAM_004,Av. Petit Thouars,94,4,5,0,103,0.0901,103,6.07,6.24,zone4,60.04
1765036845.32,CAM_001,Av. Javier Prado,41,0,2,0,43,0.0954,43,6.85,3.81,zone1,60.02
1765036845.32,CAM_002,Av. Arequipa,78,0,5,0,83,0.0586,83,3.32,8.64,zone2,60.02
1765036845.32,CAM_003,Av. Salaverry,78,0,5,0,83,0.0586,83,3.32,8.64,zone3,60.02
1765036845.32,CAM_004,Av. Petit Thouars,78,0,5,0,83,0.0586,83,3.32,8.64,zone4,60.02
1765036849.86,CAM_001,Av. Javier Prado,2,0,0,0,2,0.3968,2,3.19,1.05,zone1,60.03
1765036849.86,CAM_002,Av. Arequipa,4,0,7,2,13,0.0602,13,4.38,0.84,zone2,60.03
1765036849.86,CAM_003,Av. Salaverry,4,0,7,2,13,0.0602,13,4.38,0.84,zone3,60.03
1765036849.86,CAM_004,Av. Petit Thouars,4,0,7,2,13,0.0602,13,4.38,0.84,zone4,60.03
1765036853.91,CAM_001,Av. Javier Prado,13,5,10,0,28,0.0851,28,12.59,0.61,zone1,60.04
1765036853.91,CAM_002,Av. Arequipa,26,18,20,3,67,0.0626,67,7.61,2.17,zone2,60.04
1765036853.91,CAM_003,Av. Salaverry,26,18,20,3,67,0.0626,67,7.61,2.17,zone3,60.04
1765036853.91,CAM_004,Av. Petit Thouars,26,18,20,3,67,0.0626,67,7.61,2.17,zone4,60.04
1765036901.08,CAM_001,Av. Javier Prado,6,0,0,0,6,0.0112,6,3.40,0.53,zone1,60.04
1765036901.08,CAM_002,Av. Arequipa,37,2,1,1,41,0.0117,41,2.36,1.79,zone2,60.04
1765036901.08,CAM_003,Av. Salaverry,37,2,1,1,41,0.0117,41,2.36,1.79,zone3,60.04
1765036901.08,CAM_004,Av. Petit Thouars,37,2,1,1,41,0.0117,41,2.36,1.79,zone4,60.04
1765036905.39,CAM_001,Av. Javier Prado,26,0,3,1,30,0.0546,30,8.24,2.63,zone1,60.06
1765036905.39,CAM_002,Av. Arequipa,72,0,13,0,85,0.0604,85,3.08,8.19,zone2,60.06
1765036905.39,CAM_003,Av. Salaverry,72,0,13,0,85,0.0604,85,3.08,8.19,zone3,60.06
1765036905.39,CAM_004,Av. Petit Thouars,72,0,13,0,85,0.0604,85,3.08,8.19,zone4,60.06
1765036909.96,CAM_001,Av. Javier Prado,7,1,0,1,9,0.3649,9,8.77,1.03,zone1,60.10
1765036909.96,CAM_002,Av. Arequipa,13,1,9,7,30,0.1054,30,6.65,1.42,zone2,60.10
1765036909.96,CAM_003,Av. Salaverry,13,1,9,7,30,0.1054,30,6.65,1.42,zone3,60.10
1765036909.96,CAM_004,Av. Petit Thouars,13,1,9,7,30,0.1054,30,6.65,1.42,zone4,60.10
1765036913.96,CAM_001,Av. Javier Prado,25,2,1,1,29,0.0429,29,7.56,0.75,zone1,60.05
1765036913.96,CAM_002,Av. Arequipa,55,7,12,2,76,0.0500,76,8.16,2.07,zone2,60.05
1765036913.96,CAM_003,Av. Salaverry,55,7,12,2,76,0.0500,76,8.16,2.07,zone3,60.05
1765036913.96,CAM_004,Av. Petit Thouars,55,7,12,2,76,0.0500,76,8.16,2.07,zone4,60.05
1765036961.08,CAM_001,Av. Javier Prado,37,1,3,0,41,0.1210,41,9.82,2.71,zone1,60.00
1765036961.08,CAM_002,Av. Arequipa,109,7,7,1,124,0.0981,124,5.74,7.81,zone2,60.00
1765036961.08,CAM_003,Av. Salaverry,109,7,7,1,124,0.0981,124,5.74,7.81,zone3,60.00
1765036961.08,CAM_004,Av. Petit Thouars,109,7,7,1,124,0.0981,124,5.74,7.81,zone4,60.00
1765036965.40,CAM_001,Av. Javier Prado,34,0,8,0,42,0.0998,42,7.17,2.95,zone1,60.01
1765036965.40,CAM_002,Av. Arequipa,70,0,4,0,74,0.0676,74,2.94,8.85,zone2,60.01
1765036965.40,CAM_003,Av. Salaverry,70,0,4,0,74,0.0676,74,2.94,8.85,zone3,60.01
1765036965.40,CAM_004,Av. Petit Thouars,70,0,4,0,74,0.0676,74,2.94,8.85,zone4,60.01
1765036969.97,CAM_001,Av. Javier Prado,1,0,0,1,2,0.3896,2,8.08,1.01,zone1,60.00
1765036969.97,CAM_002,Av. Arequipa,3,0,5,2,10,0.1164,10,2.33,1.48,zone2,60.00
1765036969.97,CAM_003,Av. Salaverry,3,0,5,2,10,0.1164,10,2.33,1.48,zone3,60.00
1765036969.97,CAM_004,Av. Petit Thouars,3,0,5,2,10,0.1164,10,2.33,1.48,zone4,60.00
1765036974.04,CAM_001,Av. Javier Prado,23,0,4,2,29,0.0829,29,7.32,1.21,zone1,60.09
1765036974.04,CAM_002,Av. Arequipa,42,8,7,8,65,0.0446,65,8.10,1.92,zone2,60.09
1765036974.04,CAM_003,Av. Salaverry,42,8,7,8,65,0.0446,65,8.10,1.92,zone3,60.09
1765036974.04,CAM_004,Av. Petit Thouars,42,8,7,8,65,0.0446,65,8.10,1.92,zone4,60.09
1765037021.14,CAM_001,Av. Javier Prado,22,0,0,0,22,0.0256,22,6.82,1.09,zone1,60.06
1765037021.14,CAM_002,Av. Arequipa,59,1,0,0,60,0.0282,60,3.12,3.49,zone2,60.06
1765037021.14,CAM_003,Av. Salaverry,59,1,0,0,60,0.0282,60,3.12,3.49,zone3,60.06
1765037021.14,CAM_004,Av. Petit Thouars,59,1,0,0,60,0.0282,60,3.12,3.49,zone4,60.06
1765037025.44,CAM_001,Av. Javier Prado,29,0,7,0,36,0.0690,36,8.68,2.06,zone1,60.05
1765037025.44,CAM_002,Av. Arequipa,65,0,7,0,72,0.0454,72,2.64,8.57,zone2,60.05
1765037025.44,CAM_003,Av. Salaverry,65,0,7,0,72,0.0454,72,2.64,8.57,zone3,60.05
1765037025.44,CAM_004,Av. Petit Thouars,65,0,7,0,72,0.0454,72,2.64,8.57,zone4,60.05
1765037030.07,CAM_001,Av. Javier Prado,8,4,4,3,19,0.2549,19,5.42,0.87,zone1,60.10
1765037030.07,CAM_002,Av. Arequipa,11,1,12,6,30,0.0770,30,4.38,1.20,zone2,60.10
1765037030.07,CAM_003,Av. Salaverry,11,1,12,6,30,0.0770,30,4.38,1.20,zone3,60.10
1765037030.07,CAM_004,Av. Petit Thouars,11,1,12,6,30,0.0770,30,4.38,1.20,zone4,60.10
1765037034.10,CAM_001,Av. Javier Prado,18,0,4,1,23,0.0536,23,12.32,0.59,zone1,60.06
1765037034.10,CAM_002,Av. Arequipa,25,4,21,3,53,0.0408,53,13.37,1.39,zone2,60.06
1765037034.10,CAM_003,Av. Salaverry,25,4,21,3,53,0.0408,53,13.37,1.39,zone3,60.06
1765037034.10,CAM_004,Av. Petit Thouars,25,4,21,3,53,0.0408,53,13.37,1.39,zone4,60.06
1765037081.16,CAM_001,Av. Javier Prado,43,0,0,0,43,0.1396,43,6.06,4.34,zone1,60.02
1765037081.16,CAM_002,Av. Arequipa,139,1,0,0,140,0.1155,140,4.54,10.44,zone2,60.02
1765037081.16,CAM_003,Av. Salaverry,139,1,0,0,140,0.1155,140,4.54,10.44,zone3,60.02
1765037081.16,CAM_004,Av. Petit Thouars,139,1,0,0,140,0.1155,140,4.54,10.44,zone4,60.02
1765037152.24,CAM_001,Av. Javier Prado,30,0,2,0,32,0.0993,32,8.41,2.43,zone1,60.08
1765037152.24,CAM_002,Av. Arequipa,68,2,2,0,72,0.0668,72,6.09,5.00,zone2,60.08
1765037152.24,CAM_003,Av. Salaverry,68,2,2,0,72,0.0668,72,6.09,5.00,zone3,60.08
1765037152.24,CAM_004,Av. Petit Thouars,68,2,2,0,72,0.0668,72,6.09,5.00,zone4,60.08
1765037154.72,CAM_001,Av. Javier Prado,20,0,0,0,20,0.0839,20,4.34,3.33,zone1,60.04
1765037154.72,CAM_002,Av. Arequipa,49,0,0,0,49,0.0561,49,2.37,7.22,zone2,60.04
1765037154.72,CAM_003,Av. Salaverry,49,0,0,0,49,0.0561,49,2.37,7.22,zone3,60.04
1765037154.72,CAM_004,Av. Petit Thouars,49,0,0,0,49,0.0561,49,2.37,7.22,zone4,60.04
1765037157.88,CAM_001,Av. Javier Prado,1,0,0,2,3,0.4035,3,0.38,1.00,zone1,60.06
1765037157.88,CAM_002,Av. Arequipa,1,0,4,5,10,0.1127,10,0.81,1.24,zone2,60.06
1765037157.88,CAM_003,Av. Salaverry,1,0,4,5,10,0.1127,10,0.81,1.24,zone3,60.06
1765037157.88,CAM_004,Av. Petit Thouars,1,0,4,5,10,0.1127,10,0.81,1.24,zone4,60.06
1765037161.19,CAM_001,Av. Javier Prado,29,2,14,0,45,0.1913,45,16.24,1.35,zone1,60.07
1765037161.19,CAM_002,Av. Arequipa,38,1,11,0,50,0.0459,50,14.37,1.27,zone2,60.07
1765037161.19,CAM_003,Av. Salaverry,38,1,11,0,50,0.0459,50,14.37,1.27,zone3,60.07
1765037161.19,CAM_004,Av. Petit Thouars,38,1,11,0,50,0.0459,50,14.37,1.27,zone4,60.07
1765037212.26,CAM_001,Av. Javier Prado,14,0,1,0,15,0.0330,15,6.54,0.96,zone1,60.02
1765037212.26,CAM_002,Av. Arequipa,77,6,5,0,88,0.0332,88,4.08,3.80,zone2,60.02
1765037212.26,CAM_003,Av. Salaverry,77,6,5,0,88,0.0332,88,4.08,3.80,zone3,60.02
1765037212.26,CAM_004,Av. Petit Thouars,77,6,5,0,88,0.0332,88,4.08,3.80,zone4,60.02
1765037214.74,CAM_001,Av. Javier Prado,25,0,6,0,31,0.0628,31,11.02,2.09,zone1,60.02
1765037214.74,CAM_002,Av. Arequipa,88,0,8,0,96,0.0753,96,3.57,9.02,zone2,60.02
1765037214.74,CAM_003,Av. Salaverry,88,0,8,0,96,0.0753,96,3.57,9.02,zone3,60.02
1765037214.74,CAM_004,Av. Petit Thouars,88,0,8,0,96,0.0753,96,3.57,9.02,zone4,60.02
1765037217.90,CAM_001,Av. Javier Prado,1,0,0,2,3,0.3828,3,3.02,1.01,zone1,60.02
1765037217.90,CAM_002,Av. Arequipa,3,0,5,6,14,0.0574,14,2.65,0.92,zone2,60.02
1765037217.90,CAM_003,Av. Salaverry,3,0,5,6,14,0.0574,14,2.65,0.92,zone3,60.02
1765037217.90,CAM_004,Av. Petit Thouars,3,0,5,6,14,0.0574,14,2.65,0.92,zone4,60.02
1765037221.25,CAM_001,Av. Javier Prado,16,0,2,1,19,0.0230,19,2.46,0.58,zone1,60.06
1765037221.25,CAM_002,Av. Arequipa,35,4,3,3,45,0.0239,45,4.96,1.66,zone2,60.06
1765037221.25,CAM_003,Av. Salaverry,35,4,3,3,45,0.0239,45,4.96,1.66,zone3,60.06
1765037221.25,CAM_004,Av. Petit Thouars,35,4,3,3,45,0.0239,45,4.96,1.66,zone4,60.06
1765037339.18,CAM_001,Av. Javier Prado,1,0,0,2,3,0.0059,3,4.16,0.22,zone1,60.02
1765037339.18,CAM_002,Av. Arequipa,20,0,0,2,22,0.0138,22,1.90,2.39,zone2,60.02
1765037339.18,CAM_003,Av. Salaverry,20,0,0,2,22,0.0138,22,1.90,2.39,zone3,60.02
1765037339.18,CAM_004,Av. Petit Thouars,20,0,0,2,22,0.0138,22,1.90,2.39,zone4,60.02
1765037341.50,CAM_001,Av. Javier Prado,21,0,10,0,31,0.0830,31,6.92,2.26,zone1,60.02
1765037341.50,CAM_002,Av. Arequipa,53,0,6,0,59,0.0626,59,1.72,9.40,zone2,60.02
1765037341.50,CAM_003,Av. Salaverry,53,0,6,0,59,0.0626,59,1.72,9.40,zone3,60.02
1765037341.50,CAM_004,Av. Petit Thouars,53,0,6,0,59,0.0626,59,1.72,9.40,zone4,60.02
1765037344.17,CAM_001,Av. Javier Prado,1,0,0,0,1,0.3747,1,0.38,0.93,zone1,60.06
1765037344.17,CAM_002,Av. Arequipa,0,0,4,1,5,0.0769,5,0.40,0.88,zone2,60.06
1765037344.17,CAM_003,Av. Salaverry,0,0,4,1,5,0.0769,5,0.40,0.88,zone3,60.06
1765037344.17,CAM_004,Av. Petit Thouars,0,0,4,1,5,0.0769,5,0.40,0.88,zone4,60.06
1765037346.97,CAM_001,Av. Javier Prado,26,2,6,0,34,0.0717,34,21.24,1.00,zone1,60.08
1765037346.97,CAM_002,Av. Arequipa,36,2,8,3,49,0.0308,49,13.83,1.63,zone2,60.08
1765037346.97,CAM_003,Av. Salaverry,36,2,8,3,49,0.0308,49,13.83,1.63,zone3,60.08
1765037346.97,CAM_004,Av. Petit Thouars,36,2,8,3,49,0.0308,49,13.83,1.63,zone4,60.08
1765037399.22,CAM_001,Av. Javier Prado,45,0,0,1,46,0.1207,46,5.10,3.76,zone1,60.04
1765037399.22,CAM_002,Av. Arequipa,117,0,0,1,118,0.0910,118,4.09,8.90,zone2,60.04
1765037399.22,CAM_003,Av. Salaverry,117,0,0,1,118,0.0910,118,4.09,8.90,zone3,60.04
1765037399.22,CAM_004,Av. Petit Thouars,117,0,0,1,118,0.0910,118,4.09,8.90,zone4,60.04
1765037401.55,CAM_001,Av. Javier Prado,29,0,5,0,34,0.0713,34,6.53,2.97,zone1,60.05
1765037401.55,CAM_002,Av. Arequipa,53,0,5,0,58,0.0662,58,2.03,8.04,zone2,60.05
1765037401.55,CAM_003,Av. Salaverry,53,0,5,0,58,0.0662,58,2.03,8.04,zone3,60.05
1765037401.55,CAM_004,Av. Petit Thouars,53,0,5,0,58,0.0662,58,2.03,8.04,zone4,60.05
1765037404.20,CAM_001,Av. Javier Prado,8,3,0,2,13,0.2639,13,8.13,0.91,zone1,60.03
1765037404.20,CAM_002,Av. Arequipa,11,0,7,6,24,0.0755,24,8.63,1.19,zone2,60.03
1765037404.20,CAM_003,Av. Salaverry,11,0,7,6,24,0.0755,24,8.63,1.19,zone3,60.03
1765037404.20,CAM_004,Av. Petit Thouars,11,0,7,6,24,0.0755,24,8.63,1.19,zone4,60.03
1765037406.98,CAM_001,Av. Javier Prado,23,1,3,0,27,0.0553,27,5.05,1.43,zone1,60.01
1765037406.98,CAM_002,Av. Arequipa,36,8,11,0,55,0.0470,55,6.51,2.31,zone2,60.01
1765037406.98,CAM_003,Av. Salaverry,36,8,11,0,55,0.0470,55,6.51,2.31,zone3,60.01
1765037406.98,CAM_004,Av. Petit Thouars,36,8,11,0,55,0.0470,55,6.51,2.31,zone4,60.01
1765037459.30,CAM_001,Av. Javier Prado,13,0,1,0,14,0.0112,14,7.36,0.35,zone1,60.08
1765037459.30,CAM_002,Av. Arequipa,47,0,1,0,48,0.0196,48,2.55,3.53,zone2,60.08
1765037459.30,CAM_003,Av. Salaverry,47,0,1,0,48,0.0196,48,2.55,3.53,zone3,60.08
1765037459.30,CAM_004,Av. Petit Thouars,47,0,1,0,48,0.0196,48,2.55,3.53,zone4,60.08
1765037461.56,CAM_001,Av. Javier Prado,38,0,8,0,46,0.1094,46,9.34,3.27,zone1,60.01
1765037461.56,CAM_002,Av. Arequipa,93,0,8,0,101,0.0663,101,4.11,8.52,zone2,60.01
1765037461.56,CAM_003,Av. Salaverry,93,0,8,0,101,0.0663,101,4.11,8.52,zone3,60.01
1765037461.56,CAM_004,Av. Petit Thouars,93,0,8,0,101,0.0663,101,4.11,8.52,zone4,60.01
1765037464.29,CAM_001,Av. Javier Prado,1,0,0,3,4,0.3181,4,9.38,0.81,zone1,60.09
1765037464.29,CAM_002,Av. Arequipa,4,0,7,9,20,0.0849,20,2.11,1.07,zone2,60.09
1765037464.29,CAM_003,Av. Salaverry,4,0,7,9,20,0.0849,20,2.11,1.07,zone3,60.09
1765037464.29,CAM_004,Av. Petit Thouars,4,0,7,9,20,0.0849,20,2.11,1.07,zone4,60.09
1765037467.06,CAM_001,Av. Javier Prado,40,1,4,0,45,0.1057,45,11.29,1.35,zone1,60.08
1765037467.06,CAM_002,Av. Arequipa,47,2,5,3,57,0.0366,57,8.31,2.34,zone2,60.08
1765037467.06,CAM_003,Av. Salaverry,47,2,5,3,57,0.0366,57,8.31,2.34,zone3,60.08
1765037467.06,CAM_004,Av. Petit Thouars,47,2,5,3,57,0.0366,57,8.31,2.34,zone4,60.08
1765042376.86,CAM_001,Av. Javier Prado,8,0,0,0,8,0.0299,8,2.35,1.51,zone1,60.06
1765042376.86,CAM_002,Av. Arequipa,40,0,0,0,40,0.0527,40,2.18,6.15,zone2,60.06
1765042376.86,CAM_003,Av. Salaverry,40,0,0,0,40,0.0527,40,2.18,6.15,zone3,60.06
1765042376.86,CAM_004,Av. Petit Thouars,40,0,0,0,40,0.0527,40,2.18,6.15,zone4,60.06
1765042381.89,CAM_001,Av. Javier Prado,25,0,1,0,26,0.0593,26,7.22,2.31,zone1,60.06
1765042381.89,CAM_002,Av. Arequipa,43,0,0,0,43,0.0389,43,2.92,6.09,zone2,60.06
1765042381.89,CAM_003,Av. Salaverry,43,0,0,0,43,0.0389,43,2.92,6.09,zone3,60.06
1765042381.89,CAM_004,Av. Petit Thouars,43,0,0,0,43,0.0389,43,2.92,6.09,zone4,60.06
1765042387.42,CAM_001,Av. Javier Prado,0,0,0,1,1,0.0020,1,1.21,0.05,zone1,60.09
1765042387.42,CAM_002,Av. Arequipa,5,0,5,3,13,0.0566,13,2.59,0.95,zone2,60.09
1765042387.42,CAM_003,Av. Salaverry,5,0,5,3,13,0.0566,13,2.59,0.95,zone3,60.09
1765042387.42,CAM_004,Av. Petit Thouars,5,0,5,3,13,0.0566,13,2.59,0.95,zone4,60.09
1765042393.23,CAM_001,Av. Javier Prado,14,3,5,8,30,0.0656,30,9.44,0.88,zone1,60.04
1765042393.23,CAM_002,Av. Arequipa,23,4,5,13,45,0.0207,45,6.95,1.45,zone2,60.04
1765042393.23,CAM_003,Av. Salaverry,23,4,5,13,45,0.0207,45,6.95,1.45,zone3,60.04
1765042393.23,CAM_004,Av. Petit Thouars,23,4,5,13,45,0.0207,45,6.95,1.45,zone4,60.04
1765042436.92,CAM_001,Av. Javier Prado,32,0,0,2,34,0.0741,34,8.64,2.07,zone1,60.06
1765042436.92,CAM_002,Av. Arequipa,75,0,1,1,77,0.0574,77,5.56,4.88,zone2,60.06
1765042436.92,CAM_003,Av. Salaverry,75,0,1,1,77,0.0574,77,5.56,4.88,zone3,60.06
1765042436.92,CAM_004,Av. Petit Thouars,75,0,1,1,77,0.0574,77,5.56,4.88,zone4,60.06
1765042441.96,CAM_001,Av. Javier Prado,30,0,4,0,34,0.0515,34,13.44,1.81,zone1,60.08
1765042441.96,CAM_002,Av. Arequipa,72,0,2,0,74,0.0303,74,5.31,5.13,zone2,60.08
1765042441.96,CAM_003,Av. Salaverry,72,0,2,0,74,0.0303,74,5.31,5.13,zone3,60.08
1765042441.96,CAM_004,Av. Petit Thouars,72,0,2,0,74,0.0303,74,5.31,5.13,zone4,60.08
1765042447.52,CAM_001,Av. Javier Prado,0,0,0,2,2,0.0050,2,0.56,0.14,zone1,60.09
1765042447.52,CAM_002,Av. Arequipa,1,0,6,4,11,0.0298,11,0.76,0.83,zone2,60.09
1765042447.52,CAM_003,Av. Salaverry,1,0,6,4,11,0.0298,11,0.76,0.83,zone3,60.09
1765042447.52,CAM_004,Av. Petit Thouars,1,0,6,4,11,0.0298,11,0.76,0.83,zone4,60.09
1765042453.25,CAM_001,Av. Javier Prado,21,0,2,4,27,0.0148,27,8.51,0.49,zone1,60.02
1765042453.25,CAM_002,Av. Arequipa,50,0,6,6,62,0.0256,62,8.66,1.50,zone2,60.02
1765042453.25,CAM_003,Av. Salaverry,50,0,6,6,62,0.0256,62,8.66,1.50,zone3,60.02
1765042453.25,CAM_004,Av. Petit Thouars,50,0,6,6,62,0.0256,62,8.66,1.50,zone4,60.02
1765042496.95,CAM_001,Av. Javier Prado,9,0,1,1,11,0.0196,11,3.45,0.63,zone1,60.02
1765042496.95,CAM_002,Av. Arequipa,40,1,2,1,44,0.0192,44,2.04,2.31,zone2,60.02
1765042496.95,CAM_003,Av. Salaverry,40,1,2,1,44,0.0192,44,2.04,2.31,zone3,60.02
1765042496.95,CAM_004,Av. Petit Thouars,40,1,2,1,44,0.0192,44,2.04,2.31,zone4,60.02
1765042501.98,CAM_001,Av. Javier Prado,29,0,4,0,33,0.0536,33,11.06,2.26,zone1,60.02
1765042501.98,CAM_002,Av. Arequipa,69,0,1,0,70,0.0382,70,5.48,5.30,zone2,60.02
1765042501.98,CAM_003,Av. Salaverry,69,0,1,0,70,0.0382,70,5.48,5.30,zone3,60.02
1765042501.98,CAM_004,Av. Petit Thouars,69,0,1,0,70,0.0382,70,5.48,5.30,zone4,60.02
1765042507.55,CAM_001,Av. Javier Prado,12,0,0,5,17,0.0361,17,7.35,0.40,zone1,60.03
1765042507.55,CAM_002,Av. Arequipa,28,0,7,7,42,0.0443,42,5.37,1.25,zone2,60.03
1765042507.55,CAM_003,Av. Salaverry,28,0,7,7,42,0.0443,42,5.37,1.25,zone3,60.03
1765042507.55,CAM_004,Av. Petit Thouars,28,0,7,7,42,0.0443,42,5.37,1.25,zone4,60.03
1765042513.26,CAM_001,Av. Javier Prado,8,0,2,2,12,0.0127,12,13.22,0.23,zone1,60.01
1765042513.26,CAM_002,Av. Arequipa,19,0,2,5,26,0.0049,26,12.27,0.38,zone2,60.01
1765042513.26,CAM_003,Av. Salaverry,19,0,2,5,26,0.0049,26,12.27,0.38,zone3,60.01
1765042513.26,CAM_004,Av. Petit Thouars,19,0,2,5,26,0.0049,26,12.27,0.38,zone4,60.01
1765042556.96,CAM_001,Av. Javier Prado,33,0,0,0,33,0.1027,33,6.60,2.71,zone1,60.01
1765042556.96,CAM_002,Av. Arequipa,71,0,0,0,71,0.0661,71,4.69,5.27,zone2,60.01
1765042556.96,CAM_003,Av. Salaverry,71,0,0,0,71,0.0661,71,4.69,5.27,zone3,60.01
1765042556.96,CAM_004,Av. Petit Thouars,71,0,0,0,71,0.0661,71,4.69,5.27,zone4,60.01
1765042562.03,CAM_001,Av. Javier Prado,28,0,5,0,33,0.0533,33,9.05,1.91,zone1,60.06
1765042562.03,CAM_002,Av. Arequipa,63,0,10,0,73,0.0340,73,3.79,5.17,zone2,60.06
1765042562.03,CAM_003,Av. Salaverry,63,0,10,0,73,0.0340,73,3.79,5.17,zone3,60.06
1765042562.03,CAM_004,Av. Petit Thouars,63,0,10,0,73,0.0340,73,3.79,5.17,zone4,60.06
1765042567.62,CAM_001,Av. Javier Prado,1,0,0,0,1,0.0015,1,0.56,0.00,zone1,60.07
1765042567.62,CAM_002,Av. Arequipa,4,0,7,1,12,0.0436,12,1.56,0.80,zone2,60.07
1765042567.62,CAM_003,Av. Salaverry,4,0,7,1,12,0.0436,12,1.56,0.80,zone3,60.07
1765042567.62,CAM_004,Av. Petit Thouars,4,0,7,1,12,0.0436,12,1.56,0.80,zone4,60.07
1765042573.35,CAM_001,Av. Javier Prado,9,0,0,2,11,0.0031,11,4.62,0.08,zone1,60.09
1765042573.35,CAM_002,Av. Arequipa,30,5,5,4,44,0.0213,44,8.22,1.01,zone2,60.09
1765042573.35,CAM_003,Av. Salaverry,30,5,5,4,44,0.0213,44,8.22,1.01,zone3,60.09
1765042573.35,CAM_004,Av. Petit Thouars,30,5,5,4,44,0.0213,44,8.22,1.01,zone4,60.09
1765042616.96,CAM_001,Av. Javier Prado,12,0,0,5,17,0.0248,17,6.10,0.94,zone1,60.00
1765042616.96,CAM_002,Av. Arequipa,55,1,2,6,64,0.0318,64,2.73,4.72,zone2,60.00
1765042616.96,CAM_003,Av. Salaverry,55,1,2,6,64,0.0318,64,2.73,4.72,zone3,60.00
1765042616.96,CAM_004,Av. Petit Thouars,55,1,2,6,64,0.0318,64,2.73,4.72,zone4,60.00
1765042622.09,CAM_001,Av. Javier Prado,28,0,1,0,29,0.0720,29,3.74,2.91,zone1,60.05
1765042622.09,CAM_002,Av. Arequipa,75,0,1,0,76,0.0451,76,2.15,7.81,zone2,60.05
1765042622.09,CAM_003,Av. Salaverry,75,0,1,0,76,0.0451,76,2.15,7.81,zone3,60.05
1765042622.09,CAM_004,Av. Petit Thouars,75,0,1,0,76,0.0451,76,2.15,7.81,zone4,60.05
1765042627.66,CAM_001,Av. Javier Prado,2,0,0,2,4,0.0226,4,16.38,0.17,zone1,60.04
1765042627.66,CAM_002,Av. Arequipa,13,0,3,3,19,0.0350,19,6.23,0.90,zone2,60.04
1765042627.66,CAM_003,Av. Salaverry,13,0,3,3,19,0.0350,19,6.23,0.90,zone3,60.04
1765042627.66,CAM_004,Av. Petit Thouars,13,0,3,3,19,0.0350,19,6.23,0.90,zone4,60.04
1765042633.40,CAM_001,Av. Javier Prado,23,2,0,3,28,0.0578,28,14.55,0.50,zone1,60.05
1765042633.40,CAM_002,Av. Arequipa,38,1,2,3,44,0.0146,44,8.16,0.78,zone2,60.05
1765042633.40,CAM_003,Av. Salaverry,38,1,2,3,44,0.0146,44,8.16,0.78,zone3,60.05
1765042633.40,CAM_004,Av. Petit Thouars,38,1,2,3,44,0.0146,44,8.16,0.78,zone4,60.05
1765042677.03,CAM_001,Av. Javier Prado,19,0,0,0,19,0.0278,19,13.91,0.75,zone1,60.07
1765042677.03,CAM_002,Av. Arequipa,57,0,1,0,58,0.0256,58,6.58,2.99,zone2,60.07
1765042677.03,CAM_003,Av. Salaverry,57,0,1,0,58,0.0256,58,6.58,2.99,zone3,60.07
1765042677.03,CAM_004,Av. Petit Thouars,57,0,1,0,58,0.0256,58,6.58,2.99,zone4,60.07
1765042682.14,CAM_001,Av. Javier Prado,47,0,7,0,54,0.1417,54,6.76,4.83,zone1,60.05
1765042682.14,CAM_002,Av. Arequipa,92,0,9,0,101,0.0772,101,4.37,9.08,zone2,60.05
1765042682.14,CAM_003,Av. Salaverry,92,0,9,0,101,0.0772,101,4.37,9.08,zone3,60.05
1765042682.14,CAM_004,Av. Petit Thouars,92,0,9,0,101,0.0772,101,4.37,9.08,zone4,60.05
1765042687.73,CAM_001,Av. Javier Prado,2,0,0,3,5,0.0034,5,22.25,0.03,zone1,60.07
1765042687.73,CAM_002,Av. Arequipa,8,0,7,5,20,0.0309,20,2.50,0.61,zone2,60.07
1765042687.73,CAM_003,Av. Salaverry,8,0,7,5,20,0.0309,20,2.50,0.61,zone3,60.07
1765042687.73,CAM_004,Av. Petit Thouars,8,0,7,5,20,0.0309,20,2.50,0.61,zone4,60.07
1765042693.48,CAM_001,Av. Javier Prado,18,1,9,1,29,0.0493,29,20.83,0.47,zone1,60.08
1765042693.48,CAM_002,Av. Arequipa,32,11,20,1,64,0.0326,64,9.84,1.39,zone2,60.08
1765042693.48,CAM_003,Av. Salaverry,32,11,20,1,64,0.0326,64,9.84,1.39,zone3,60.08
1765042693.48,CAM_004,Av. Petit Thouars,32,11,20,1,64,0.0326,64,9.84,1.39,zone4,60.08
1765042737.07,CAM_001,Av. Javier Prado,7,0,0,1,8,0.0085,8,8.96,0.37,zone1,60.04
1765042737.07,CAM_002,Av. Arequipa,39,0,0,1,40,0.0082,40,5.26,1.35,zone2,60.04
1765042737.07,CAM_003,Av. Salaverry,39,0,0,1,40,0.0082,40,5.26,1.35,zone3,60.04
1765042737.07,CAM_004,Av. Petit Thouars,39,0,0,1,40,0.0082,40,5.26,1.35,zone4,60.04
1765042742.23,CAM_001,Av. Javier Prado,45,0,2,0,47,0.0917,47,7.94,3.67,zone1,60.10
1765042742.23,CAM_002,Av. Arequipa,92,0,1,0,93,0.0661,93,3.58,9.43,zone2,60.10
1765042742.23,CAM_003,Av. Salaverry,92,0,1,0,93,0.0661,93,3.58,9.43,zone3,60.10
1765042742.23,CAM_004,Av. Petit Thouars,92,0,1,0,93,0.0661,93,3.58,9.43,zone4,60.10
1765042747.85,CAM_001,Av. Javier Prado,2,0,0,0,2,0.0005,2,0.00,0.02,zone1,60.12
1765042747.85,CAM_002,Av. Arequipa,7,0,5,3,15,0.0326,15,7.43,0.60,zone2,60.12
1765042747.85,CAM_003,Av. Salaverry,7,0,5,3,15,0.0326,15,7.43,0.60,zone3,60.12
1765042747.85,CAM_004,Av. Petit Thouars,7,0,5,3,15,0.0326,15,7.43,0.60,zone4,60.12
1765042753.57,CAM_001,Av. Javier Prado,16,2,2,1,21,0.0133,21,13.18,0.15,zone1,60.09
1765042753.57,CAM_002,Av. Arequipa,43,2,9,3,57,0.0160,57,8.85,1.02,zone2,60.09
1765042753.57,CAM_003,Av. Salaverry,43,2,9,3,57,0.0160,57,8.85,1.02,zone3,60.09
1765042753.57,CAM_004,Av. Petit Thouars,43,2,9,3,57,0.0160,57,8.85,1.02,zone4,60.09
1765042797.14,CAM_001,Av. Javier Prado,38,0,0,2,40,0.0836,40,8.28,2.44,zone1,60.08
1765042797.14,CAM_002,Av. Arequipa,117,2,0,3,122,0.0727,122,4.83,7.33,zone2,60.08
1765042797.14,CAM_003,Av. Salaverry,117,2,0,3,122,0.0727,122,4.83,7.33,zone3,60.08
1765042797.14,CAM_004,Av. Petit Thouars,117,2,0,3,122,0.0727,122,4.83,7.33,zone4,60.08
1765042798.31,CAM_001,Av. Javier Prado,16,0,0,3,19,0.0327,19,5.66,1.20,zone1,60.03
1765042798.31,CAM_002,Av. Arequipa,120,1,0,3,124,0.0335,124,3.77,4.47,zone2,60.03
1765042798.31,CAM_003,Av. Salaverry,120,1,0,3,124,0.0335,124,3.77,4.47,zone3,60.03
1765042798.31,CAM_004,Av. Petit Thouars,120,1,0,3,124,0.0335,124,3.77,4.47,zone4,60.03
1765042802.30,CAM_001,Av. Javier Prado,42,0,8,0,50,0.0961,50,5.24,3.64,zone1,60.07
1765042802.30,CAM_002,Av. Arequipa,82,0,12,0,94,0.0758,94,2.50,8.73,zone2,60.07
1765042802.30,CAM_003,Av. Salaverry,82,0,12,0,94,0.0758,94,2.50,8.73,zone3,60.07
1765042802.30,CAM_004,Av. Petit Thouars,82,0,12,0,94,0.0758,94,2.50,8.73,zone4,60.07
1765042807.90,CAM_001,Av. Javier Prado,4,0,0,3,7,0.0248,7,8.93,0.37,zone1,60.05
1765042807.90,CAM_002,Av. Arequipa,6,0,6,4,16,0.0506,16,7.31,0.93,zone2,60.05
1765042807.90,CAM_003,Av. Salaverry,6,0,6,4,16,0.0506,16,7.31,0.93,zone3,60.05
1765042807.90,CAM_004,Av. Petit Thouars,6,0,6,4,16,0.0506,16,7.31,0.93,zone4,60.05
1765042813.64,CAM_001,Av. Javier Prado,25,0,5,1,31,0.0708,31,15.18,0.71,zone1,60.07
1765042813.64,CAM_002,Av. Arequipa,46,0,11,2,59,0.0298,59,7.93,1.77,zone2,60.07
1765042813.64,CAM_003,Av. Salaverry,46,0,11,2,59,0.0298,59,7.93,1.77,zone3,60.07
1765042813.64,CAM_004,Av. Petit Thouars,46,0,11,2,59,0.0298,59,7.93,1.77,zone4,60.07
1765042857.19,CAM_001,Av. Javier Prado,23,0,0,2,25,0.0369,25,12.22,1.07,zone1,60.05
1765042857.19,CAM_002,Av. Arequipa,72,0,0,3,75,0.0311,75,6.78,3.29,zone2,60.05
1765042857.19,CAM_003,Av. Salaverry,72,0,0,3,75,0.0311,75,6.78,3.29,zone3,60.05
1765042857.19,CAM_004,Av. Petit Thouars,72,0,0,3,75,0.0311,75,6.78,3.29,zone4,60.05
1765042858.31,CAM_001,Av. Javier Prado,53,0,2,6,61,0.0568,61,18.65,1.61,zone1,60.00
1765042858.31,CAM_002,Av. Arequipa,166,0,3,8,177,0.0487,177,10.62,5.11,zone2,60.00
1765042858.31,CAM_003,Av. Salaverry,166,0,3,8,177,0.0487,177,10.62,5.11,zone3,60.00
1765042858.31,CAM_004,Av. Petit Thouars,166,0,3,8,177,0.0487,177,10.62,5.11,zone4,60.00
1765042862.41,CAM_001,Av. Javier Prado,41,0,4,0,45,0.1152,45,4.47,4.03,zone1,60.11
1765042862.41,CAM_002,Av. Arequipa,75,0,4,0,79,0.0903,79,2.54,9.28,zone2,60.11
1765042862.41,CAM_003,Av. Salaverry,75,0,4,0,79,0.0903,79,2.54,9.28,zone3,60.11
1765042862.41,CAM_004,Av. Petit Thouars,75,0,4,0,79,0.0903,79,2.54,9.28,zone4,60.11
1765042867.95,CAM_001,Av. Javier Prado,0,0,0,5,5,0.0024,5,46.68,0.05,zone1,60.04
1765042867.95,CAM_002,Av. Arequipa,4,0,6,5,15,0.0299,15,5.58,0.69,zone2,60.04
1765042867.95,CAM_003,Av. Salaverry,4,0,6,5,15,0.0299,15,5.58,0.69,zone3,60.04
1765042867.95,CAM_004,Av. Petit Thouars,4,0,6,5,15,0.0299,15,5.58,0.69,zone4,60.04
1765042873.74,CAM_001,Av. Javier Prado,10,0,0,0,10,0.0165,10,14.10,0.29,zone1,60.11
1765042873.74,CAM_002,Av. Arequipa,40,1,7,0,48,0.0205,48,9.86,1.63,zone2,60.11
1765042873.74,CAM_003,Av. Salaverry,40,1,7,0,48,0.0205,48,9.86,1.63,zone3,60.11
1765042873.74,CAM_004,Av. Petit Thouars,40,1,7,0,48,0.0205,48,9.86,1.63,zone4,60.11
1765042917.21,CAM_001,Av. Javier Prado,28,0,1,0,29,0.0471,29,8.74,1.71,zone1,60.02
1765042917.21,CAM_002,Av. Arequipa,94,1,1,1,97,0.0500,97,4.28,6.37,zone2,60.02
1765042917.21,CAM_003,Av. Salaverry,94,1,1,1,97,0.0500,97,4.28,6.37,zone3,60.02
1765042917.21,CAM_004,Av. Petit Thouars,94,1,1,1,97,0.0500,97,4.28,6.37,zone4,60.02
1765042922.43,CAM_001,Av. Javier Prado,41,0,0,0,41,0.0985,41,4.58,4.02,zone1,60.02
1765042922.43,CAM_002,Av. Arequipa,79,0,2,0,81,0.0564,81,3.42,7.49,zone2,60.02
1765042922.43,CAM_003,Av. Salaverry,79,0,2,0,81,0.0564,81,3.42,7.49,zone3,60.02
1765042922.43,CAM_004,Av. Petit Thouars,79,0,2,0,81,0.0564,81,3.42,7.49,zone4,60.02
1765042928.02,CAM_001,Av. Javier Prado,1,0,1,6,8,0.0286,8,4.02,0.46,zone1,60.08
1765042928.02,CAM_002,Av. Arequipa,2,0,4,6,12,0.0244,12,3.24,0.76,zone2,60.08
1765042928.02,CAM_003,Av. Salaverry,2,0,4,6,12,0.0244,12,3.24,0.76,zone3,60.08
1765042928.02,CAM_004,Av. Petit Thouars,2,0,4,6,12,0.0244,12,3.24,0.76,zone4,60.08
1765042933.77,CAM_001,Av. Javier Prado,4,0,0,5,9,0.0113,9,27.72,0.10,zone1,60.02
1765042933.77,CAM_002,Av. Arequipa,22,0,1,10,33,0.0133,33,7.28,0.96,zone2,60.02
1765042933.77,CAM_003,Av. Salaverry,22,0,1,10,33,0.0133,33,7.28,0.96,zone3,60.02
1765042933.77,CAM_004,Av. Petit Thouars,22,0,1,10,33,0.0133,33,7.28,0.96,zone4,60.02
1765042977.24,CAM_001,Av. Javier Prado,32,0,1,1,34,0.0710,34,9.22,1.96,zone1,60.03
1765042977.24,CAM_002,Av. Arequipa,72,2,2,1,77,0.0559,77,5.98,4.62,zone2,60.03
1765042977.24,CAM_003,Av. Salaverry,72,2,2,1,77,0.0559,77,5.98,4.62,zone3,60.03
1765042977.24,CAM_004,Av. Petit Thouars,72,2,2,1,77,0.0559,77,5.98,4.62,zone4,60.03
1765042982.45,CAM_001,Av. Javier Prado,34,0,2,0,36,0.0803,36,8.34,2.81,zone1,60.02
1765042982.45,CAM_002,Av. Arequipa,78,0,14,0,92,0.1095,92,2.85,8.87,zone2,60.02
1765042982.45,CAM_003,Av. Salaverry,78,0,14,0,92,0.1095,92,2.85,8.87,zone3,60.02
1765042982.45,CAM_004,Av. Petit Thouars,78,0,14,0,92,0.1095,92,2.85,8.87,zone4,60.02
1765042988.06,CAM_001,Av. Javier Prado,0,0,0,2,2,0.0020,2,0.40,0.04,zone1,60.03
1765042988.06,CAM_002,Av. Arequipa,2,0,2,3,7,0.0388,7,2.77,0.85,zone2,60.03
1765042988.06,CAM_003,Av. Salaverry,2,0,2,3,7,0.0388,7,2.77,0.85,zone3,60.03
1765042988.06,CAM_004,Av. Petit Thouars,2,0,2,3,7,0.0388,7,2.77,0.85,zone4,60.03
1765042993.90,CAM_001,Av. Javier Prado,32,3,10,5,50,0.1096,50,13.87,1.01,zone1,60.13
1765042993.90,CAM_002,Av. Arequipa,61,2,16,7,86,0.0624,86,10.96,2.56,zone2,60.13
1765042993.90,CAM_003,Av. Salaverry,61,2,16,7,86,0.0624,86,10.96,2.56,zone3,60.13
1765042993.90,CAM_004,Av. Petit Thouars,61,2,16,7,86,0.0624,86,10.96,2.56,zone4,60.13
1765043037.26,CAM_001,Av. Javier Prado,22,0,0,1,23,0.0363,23,6.14,1.30,zone1,60.02
1765043037.26,CAM_002,Av. Arequipa,83,0,1,1,85,0.0372,85,3.70,4.53,zone2,60.02
1765043037.26,CAM_003,Av. Salaverry,83,0,1,1,85,0.0372,85,3.70,4.53,zone3,60.02
1765043037.26,CAM_004,Av. Petit Thouars,83,0,1,1,85,0.0372,85,3.70,4.53,zone4,60.02
1765043042.46,CAM_001,Av. Javier Prado,44,0,7,0,51,0.1196,51,6.94,3.78,zone1,60.01
1765043042.46,CAM_002,Av. Arequipa,74,0,5,0,79,0.0629,79,3.49,7.92,zone2,60.01
1765043042.46,CAM_003,Av. Salaverry,74,0,5,0,79,0.0629,79,3.49,7.92,zone3,60.01
1765043042.46,CAM_004,Av. Petit Thouars,74,0,5,0,79,0.0629,79,3.49,7.92,zone4,60.01
1765043048.08,CAM_001,Av. Javier Prado,2,0,0,1,3,0.0150,3,23.64,0.11,zone1,60.02
1765043048.08,CAM_002,Av. Arequipa,6,0,5,1,12,0.0483,12,6.51,0.84,zone2,60.02
1765043048.08,CAM_003,Av. Salaverry,6,0,5,1,12,0.0483,12,6.51,0.84,zone3,60.02
1765043048.08,CAM_004,Av. Petit Thouars,6,0,5,1,12,0.0483,12,6.51,0.84,zone4,60.02
1765043053.95,CAM_001,Av. Javier Prado,14,1,6,28,49,0.0677,49,15.22,0.88,zone1,60.05
1765043053.95,CAM_002,Av. Arequipa,54,3,11,31,99,0.0465,99,11.23,2.00,zone2,60.05
1765043053.95,CAM_003,Av. Salaverry,54,3,11,31,99,0.0465,99,11.23,2.00,zone3,60.05
1765043053.95,CAM_004,Av. Petit Thouars,54,3,11,31,99,0.0465,99,11.23,2.00,zone4,60.05
1765043097.32,CAM_001,Av. Javier Prado,35,0,2,0,37,0.0733,37,10.64,1.92,zone1,60.05
1765043097.32,CAM_002,Av. Arequipa,73,0,2,0,75,0.0519,75,7.85,3.95,zone2,60.05
1765043097.32,CAM_003,Av. Salaverry,73,0,2,0,75,0.0519,75,7.85,3.95,zone3,60.05
1765043097.32,CAM_004,Av. Petit Thouars,73,0,2,0,75,0.0519,75,7.85,3.95,zone4,60.05
1765043102.48,CAM_001,Av. Javier Prado,39,0,2,0,41,0.0965,41,5.05,3.47,zone1,60.02
1765043102.48,CAM_002,Av. Arequipa,69,1,0,0,70,0.0461,70,2.66,6.62,zone2,60.02
1765043102.48,CAM_003,Av. Salaverry,69,1,0,0,70,0.0461,70,2.66,6.62,zone3,60.02
1765043102.48,CAM_004,Av. Petit Thouars,69,1,0,0,70,0.0461,70,2.66,6.62,zone4,60.02
1765043108.11,CAM_001,Av. Javier Prado,1,1,0,1,3,0.0066,3,0.68,0.09,zone1,60.03
1765043108.11,CAM_002,Av. Arequipa,1,0,3,1,5,0.0414,5,0.41,0.93,zone2,60.03
1765043108.11,CAM_003,Av. Salaverry,1,0,3,1,5,0.0414,5,0.41,0.93,zone3,60.03
1765043108.11,CAM_004,Av. Petit Thouars,1,0,3,1,5,0.0414,5,0.41,0.93,zone4,60.03
1765043113.97,CAM_001,Av. Javier Prado,33,0,7,9,49,0.0468,49,13.01,0.64,zone1,60.02
1765043113.97,CAM_002,Av. Arequipa,44,1,11,14,70,0.0274,70,6.74,1.74,zone2,60.02
1765043113.97,CAM_003,Av. Salaverry,44,1,11,14,70,0.0274,70,6.74,1.74,zone3,60.02
1765043113.97,CAM_004,Av. Petit Thouars,44,1,11,14,70,0.0274,70,6.74,1.74,zone4,60.02
1765043157.35,CAM_001,Av. Javier Prado,17,0,0,5,22,0.0298,22,6.58,1.10,zone1,60.04
1765043157.35,CAM_002,Av. Arequipa,64,1,0,7,72,0.0362,72,3.94,4.06,zone2,60.04
1765043157.35,CAM_003,Av. Salaverry,64,1,0,7,72,0.0362,72,3.94,4.06,zone3,60.04
1765043157.35,CAM_004,Av. Petit Thouars,64,1,0,7,72,0.0362,72,3.94,4.06,zone4,60.04
1765043162.50,CAM_001,Av. Javier Prado,35,0,3,0,38,0.0616,38,7.30,3.04,zone1,60.02
1765043162.50,CAM_002,Av. Arequipa,75,1,4,0,80,0.0493,80,3.88,7.15,zone2,60.02
1765043162.50,CAM_003,Av. Salaverry,75,1,4,0,80,0.0493,80,3.88,7.15,zone3,60.02
1765043162.50,CAM_004,Av. Petit Thouars,75,1,4,0,80,0.0493,80,3.88,7.15,zone4,60.02
1765043168.19,CAM_001,Av. Javier Prado,2,0,0,4,6,0.0030,6,0.50,0.05,zone1,60.08
1765043168.19,CAM_002,Av. Arequipa,14,0,6,5,25,0.0308,25,0.99,0.77,zone2,60.08
1765043168.19,CAM_003,Av. Salaverry,14,0,6,5,25,0.0308,25,0.99,0.77,zone3,60.08
1765043168.19,CAM_004,Av. Petit Thouars,14,0,6,5,25,0.0308,25,0.99,0.77,zone4,60.08
1765043174.05,CAM_001,Av. Javier Prado,11,1,0,8,20,0.0186,20,19.83,0.24,zone1,60.08
1765043174.05,CAM_002,Av. Arequipa,19,7,7,10,43,0.0255,43,14.82,0.84,zone2,60.08
1765043174.05,CAM_003,Av. Salaverry,19,7,7,10,43,0.0255,43,14.82,0.84,zone3,60.08
1765043174.05,CAM_004,Av. Petit Thouars,19,7,7,10,43,0.0255,43,14.82,0.84,zone4,60.08
1765043217.38,CAM_001,Av. Javier Prado,49,0,0,3,52,0.1256,52,7.40,3.90,zone1,60.03
1765043217.38,CAM_002,Av. Arequipa,93,1,0,3,97,0.0907,97,5.62,7.82,zone2,60.03
1765043217.38,CAM_003,Av. Salaverry,93,1,0,3,97,0.0907,97,5.62,7.82,zone3,60.03
1765043217.38,CAM_004,Av. Petit Thouars,93,1,0,3,97,0.0907,97,5.62,7.82,zone4,60.03
1765043222.62,CAM_001,Av. Javier Prado,42,0,4,0,46,0.1108,46,5.66,4.42,zone1,60.12
1765043222.62,CAM_002,Av. Arequipa,65,0,3,0,68,0.0620,68,4.04,7.02,zone2,60.12
1765043222.62,CAM_003,Av. Salaverry,65,0,3,0,68,0.0620,68,4.04,7.02,zone3,60.12
1765043222.62,CAM_004,Av. Petit Thouars,65,0,3,0,68,0.0620,68,4.04,7.02,zone4,60.12
1765043228.23,CAM_001,Av. Javier Prado,1,0,0,3,4,0.0011,4,1.16,0.03,zone1,60.04
1765043228.23,CAM_002,Av. Arequipa,3,0,4,6,13,0.0299,13,3.95,0.68,zone2,60.04
1765043228.23,CAM_003,Av. Salaverry,3,0,4,6,13,0.0299,13,3.95,0.68,zone3,60.04
1765043228.23,CAM_004,Av. Petit Thouars,3,0,4,6,13,0.0299,13,3.95,0.68,zone4,60.04
1765043234.07,CAM_001,Av. Javier Prado,13,1,0,10,24,0.0143,24,16.49,0.30,zone1,60.02
1765043234.07,CAM_002,Av. Arequipa,22,3,2,18,45,0.0178,45,14.97,1.09,zone2,60.02
1765043234.07,CAM_003,Av. Salaverry,22,3,2,18,45,0.0178,45,14.97,1.09,zone3,60.02
1765043234.07,CAM_004,Av. Petit Thouars,22,3,2,18,45,0.0178,45,14.97,1.09,zone4,60.02
1765043277.45,CAM_001,Av. Javier Prado,8,0,0,2,10,0.0239,10,2.30,1.18,zone1,60.07
1765043277.45,CAM_002,Av. Arequipa,55,0,1,1,57,0.0217,57,1.94,2.84,zone2,60.07
1765043277.45,CAM_003,Av. Salaverry,55,0,1,1,57,0.0217,57,1.94,2.84,zone3,60.07
1765043277.45,CAM_004,Av. Petit Thouars,55,0,1,1,57,0.0217,57,1.94,2.84,zone4,60.07
1765043282.69,CAM_001,Av. Javier Prado,33,0,3,0,36,0.0971,36,7.44,3.19,zone1,60.07
1765043282.69,CAM_002,Av. Arequipa,67,0,4,0,71,0.0507,71,4.39,5.90,zone2,60.07
1765043282.69,CAM_003,Av. Salaverry,67,0,4,0,71,0.0507,71,4.39,5.90,zone3,60.07
1765043282.69,CAM_004,Av. Petit Thouars,67,0,4,0,71,0.0507,71,4.39,5.90,zone4,60.07
1765043288.26,CAM_001,Av. Javier Prado,0,0,0,4,4,0.0032,4,10.73,0.07,zone1,60.03
1765043288.26,CAM_002,Av. Arequipa,7,0,1,4,12,0.0324,12,1.09,0.77,zone2,60.03
1765043288.26,CAM_003,Av. Salaverry,7,0,1,4,12,0.0324,12,1.09,0.77,zone3,60.03
